timestamp,price,volume
2025-06-22 00:00:00,100.0,8889
2025-06-22 00:00:05,100.00755812948915,6238
2025-06-22 00:00:10,100.0054549470061,2817
2025-06-22 00:00:15,100.01531081621202,8570
2025-06-22 00:00:20,100.03848978968563,6103
2025-06-22 00:00:25,100.03492653071699,1617
2025-06-22 00:00:30,100.03136364853445,9509
2025-06-22 00:00:35,100.05540160873709,7285
2025-06-22 00:00:40,100.06708548624032,1456
2025-06-22 00:00:45,100.0599387034414,1500
2025-06-22 00:00:50,100.06819935945938,9074
2025-06-22 00:00:55,100.0611447030612,3315
2025-06-22 00:01:00,100.05405534810022,4874
2025-06-22 00:01:05,100.05773932362509,7630
2025-06-22 00:01:10,100.0286177017663,5973
2025-06-22 00:01:15,100.00237042540564,5774
2025-06-22 00:01:20,99.99381623489649,2003
2025-06-22 00:01:25,99.97840921877699,7848
2025-06-22 00:01:30,99.98319000028306,5196
2025-06-22 00:01:35,99.9693787088637,7715
2025-06-22 00:01:40,99.94790065818026,2066
2025-06-22 00:01:45,99.9701912400473,5716
2025-06-22 00:01:50,99.96675782447282,7608
2025-06-22 00:01:55,99.96778547564911,4234
2025-06-22 00:02:00,99.94611853229634,7494
2025-06-22 00:02:05,99.93784139679695,5498
2025-06-22 00:02:10,99.93952857383199,6267
2025-06-22 00:02:15,99.92202946441795,7171
2025-06-22 00:02:20,99.92774181241921,9095
2025-06-22 00:02:25,99.91861098450376,4669
2025-06-22 00:02:30,99.91417729406149,5715
2025-06-22 00:02:35,99.90503147310302,7069
2025-06-22 00:02:40,99.93319077056388,2961
2025-06-22 00:02:45,99.93298613255094,1875
2025-06-22 00:02:50,99.91690622962675,9734
2025-06-22 00:02:55,99.92941181381457,4516
2025-06-22 00:03:00,99.91085268256184,4865
2025-06-22 00:03:05,99.91402823672863,5499
2025-06-22 00:03:10,99.88424345670401,8233
2025-06-22 00:03:15,99.86406175841111,6947
2025-06-22 00:03:20,99.8670534579093,1574
2025-06-22 00:03:25,99.8782751403921,2458
2025-06-22 00:03:30,99.88087986400863,8395
2025-06-22 00:03:35,99.87912302084831,4172
2025-06-22 00:03:40,99.8745480943445,3470
2025-06-22 00:03:45,99.85208442363441,4427
2025-06-22 00:03:50,99.84114971922746,8798
2025-06-22 00:03:55,99.83415327930554,8736
2025-06-22 00:04:00,99.85021207683229,5206
2025-06-22 00:04:05,99.8554329460529,3200
2025-06-22 00:04:10,99.8286520924579,3964
2025-06-22 00:04:15,99.83357512333704,7905
2025-06-22 00:04:20,99.82772678263376,4313
2025-06-22 00:04:25,99.81744659193171,3927
2025-06-22 00:04:30,99.82673697119192,9873
2025-06-22 00:04:35,99.84239775708251,9470
2025-06-22 00:04:40,99.85654598239142,5458
2025-06-22 00:04:45,99.84379740275179,2648
2025-06-22 00:04:50,99.83910092310815,6527
2025-06-22 00:04:55,99.84413353098962,9184
2025-06-22 00:05:00,99.85895452075268,3341
2025-06-22 00:05:05,99.85167524288943,2518
2025-06-22 00:05:10,99.84885533892454,2838
2025-06-22 00:05:15,99.83205042168017,1870
2025-06-22 00:05:20,99.81388351469081,6538
2025-06-22 00:05:25,99.82622403375683,6477
2025-06-22 00:05:30,99.84682541399623,2128
2025-06-22 00:05:35,99.8457320768691,7499
2025-06-22 00:05:40,99.86097853140706,2284
2025-06-22 00:05:45,99.86647372827657,9762
2025-06-22 00:05:50,99.85667270853415,3864
2025-06-22 00:05:55,99.8621640156358,7045
2025-06-22 00:06:00,99.8855355549045,2977
2025-06-22 00:06:05,99.88499168251764,9638
2025-06-22 00:06:10,99.90877300818211,6039
2025-06-22 00:06:15,99.86895973012555,8039
2025-06-22 00:06:20,99.88144955100131,9828
2025-06-22 00:06:25,99.88277294669668,3973
2025-06-22 00:06:30,99.87822970904114,5626
2025-06-22 00:06:35,99.87962469250759,1118
2025-06-22 00:06:40,99.84942633997197,8999
2025-06-22 00:06:45,99.84608980468731,3292
2025-06-22 00:06:50,99.85151546226571,3104
2025-06-22 00:06:55,99.8739706190775,2067
2025-06-22 00:07:00,99.8660962149355,1423
2025-06-22 00:07:05,99.85381318114882,4819
2025-06-22 00:07:10,99.84619121949572,8703
2025-06-22 00:07:15,99.86009874393766,2280
2025-06-22 00:07:20,99.8650942380608,4432
2025-06-22 00:07:25,99.85704596895259,1762
2025-06-22 00:07:30,99.86484480322217,2629
2025-06-22 00:07:35,99.86632038369709,6499
2025-06-22 00:07:40,99.88103980950173,9634
2025-06-22 00:07:45,99.87037226615969,4014
2025-06-22 00:07:50,99.8653942096085,2497
2025-06-22 00:07:55,99.8594372598631,9280
2025-06-22 00:08:00,99.83720494077949,9653
2025-06-22 00:08:05,99.84170361198545,4552
2025-06-22 00:08:10,99.84566981076811,8637
2025-06-22 00:08:15,99.84574806730767,9571
2025-06-22 00:08:20,99.84218508457025,5496
2025-06-22 00:08:25,99.8206877810899,5646
2025-06-22 00:08:30,99.81430012419368,3983
2025-06-22 00:08:35,99.80909628498851,4060
2025-06-22 00:08:40,99.79691464829529,8834
2025-06-22 00:08:45,99.79446635537691,7804
2025-06-22 00:08:50,99.80060192446199,8510
2025-06-22 00:08:55,99.82924679459661,3950
2025-06-22 00:09:00,99.83189898897463,5540
2025-06-22 00:09:05,99.83581156073612,8418
2025-06-22 00:09:10,99.8346813460432,7063
2025-06-22 00:09:15,99.80554126476336,8661
2025-06-22 00:09:20,99.80513923182114,4421
2025-06-22 00:09:25,99.80605440140253,2990
2025-06-22 00:09:30,99.84346633930323,4856
2025-06-22 00:09:35,99.84054486220393,2482
2025-06-22 00:09:40,99.84512612616189,3545
2025-06-22 00:09:45,99.84459940052513,5220
2025-06-22 00:09:50,99.82684831795031,1642
2025-06-22 00:09:55,99.84420779351618,4918
2025-06-22 00:10:00,99.85563149847144,2586
2025-06-22 00:10:05,99.867650592436,3409
2025-06-22 00:10:10,99.85383454834597,7504
2025-06-22 00:10:15,99.87514904065858,1054
2025-06-22 00:10:20,99.85385003415004,1841
2025-06-22 00:10:25,99.86276670708351,7928
2025-06-22 00:10:30,99.89605381721654,5587
2025-06-22 00:10:35,99.88100066458112,3906
2025-06-22 00:10:40,99.87239592060773,6088
2025-06-22 00:10:45,99.87391072263227,6056
2025-06-22 00:10:50,99.86626111404951,6982
2025-06-22 00:10:55,99.84270343063936,3272
2025-06-22 00:11:00,99.84374552547008,7141
2025-06-22 00:11:05,99.8276102254131,9015
2025-06-22 00:11:10,99.83480412017461,9294
2025-06-22 00:11:15,99.82084018891469,2071
2025-06-22 00:11:20,99.8443827948257,1736
2025-06-22 00:11:25,99.8324858067551,7376
2025-06-22 00:11:30,99.82759470259477,8749
2025-06-22 00:11:35,99.83995197629964,4630
2025-06-22 00:11:40,99.82125727255293,1227
2025-06-22 00:11:45,99.82471241697888,7665
2025-06-22 00:11:50,99.84456765230263,6711
2025-06-22 00:11:55,99.82015215146227,7156
2025-06-22 00:12:00,99.82295683109402,4570
2025-06-22 00:12:05,99.82690447735595,9636
2025-06-22 00:12:10,99.83878022777239,8993
2025-06-22 00:12:15,99.81999330853539,2619
2025-06-22 00:12:20,99.79994195632521,3204
2025-06-22 00:12:25,99.8078680498466,3703
2025-06-22 00:12:30,99.81237852582352,8742
2025-06-22 00:12:35,99.81618315280905,8574
2025-06-22 00:12:40,99.82144522173192,1797
2025-06-22 00:12:45,99.81111856065284,3999
2025-06-22 00:12:50,99.8146461537051,3764
2025-06-22 00:12:55,99.81909752142828,4684
2025-06-22 00:13:00,99.8082498392482,9199
2025-06-22 00:13:05,99.83658686208196,7239
2025-06-22 00:13:10,99.84378505695558,4874
2025-06-22 00:13:15,99.82569048319895,4329
2025-06-22 00:13:20,99.8356632920293,7069
2025-06-22 00:13:25,99.82086002801016,6584
2025-06-22 00:13:30,99.8328149801892,9805
2025-06-22 00:13:35,99.85041510904877,9880
2025-06-22 00:13:40,99.83794885890485,9301
2025-06-22 00:13:45,99.85258405796338,2160
2025-06-22 00:13:50,99.85885583647033,4610
2025-06-22 00:13:55,99.8713467892999,5744
2025-06-22 00:14:00,99.90017318507017,8331
2025-06-22 00:14:05,99.89644409850224,3003
2025-06-22 00:14:10,99.88498947834515,9035
2025-06-22 00:14:15,99.87147300491276,2527
2025-06-22 00:14:20,99.85907814684694,8318
2025-06-22 00:14:25,99.85790731955228,8234
2025-06-22 00:14:30,99.86309111871653,6169
2025-06-22 00:14:35,99.86729573811638,5610
2025-06-22 00:14:40,99.87986559830826,7721
2025-06-22 00:14:45,99.88006375635177,9697
2025-06-22 00:14:50,99.9021550701083,5250
2025-06-22 00:14:55,99.89813304357169,7626
2025-06-22 00:15:00,99.93948607560453,3855
2025-06-22 00:15:05,99.94900057192643,4964
2025-06-22 00:15:10,99.93596741419823,8935
2025-06-22 00:15:15,99.91968664124653,2674
2025-06-22 00:15:20,99.9270221773028,3392
2025-06-22 00:15:25,99.92362541646655,7878
2025-06-22 00:15:30,99.9344814592768,2921
2025-06-22 00:15:35,99.94167766046485,5433
2025-06-22 00:15:40,99.94057083458506,2827
2025-06-22 00:15:45,99.92769634272426,1716
2025-06-22 00:15:50,99.90466857247324,1630
2025-06-22 00:15:55,99.89788234881529,5860
2025-06-22 00:16:00,99.91090016214031,9276
2025-06-22 00:16:05,99.91415522365912,4768
2025-06-22 00:16:10,99.89522055472906,9928
2025-06-22 00:16:15,99.89785327060063,3707
2025-06-22 00:16:20,99.90371044938814,9418
2025-06-22 00:16:25,99.89027741656766,4357
2025-06-22 00:16:30,99.89261430872638,8860
2025-06-22 00:16:35,99.89349955715298,5204
2025-06-22 00:16:40,99.87613042630984,5230
2025-06-22 00:16:45,99.88156797072772,6033
2025-06-22 00:16:50,99.89009087251863,5386
2025-06-22 00:16:55,99.90655279587861,9157
2025-06-22 00:17:00,99.92257276346929,8675
2025-06-22 00:17:05,99.90163119373527,2867
2025-06-22 00:17:10,99.88737827090826,7965
2025-06-22 00:17:15,99.89520634267983,8196
2025-06-22 00:17:20,99.9030160386199,1026
2025-06-22 00:17:25,99.91084552468945,7156
2025-06-22 00:17:30,99.96942845413213,7588
2025-06-22 00:17:35,99.978112576948,6767
2025-06-22 00:17:40,99.99538794738231,1466
2025-06-22 00:17:45,100.00990358470474,8689
2025-06-22 00:17:50,100.01981623847367,3700
2025-06-22 00:17:55,100.01501931300115,9809
2025-06-22 00:18:00,100.02656964198202,4777
2025-06-22 00:18:05,100.01480962690368,3687
2025-06-22 00:18:10,100.01120665662958,6332
2025-06-22 00:18:15,100.00382210926026,7806
2025-06-22 00:18:20,100.00506841872483,6056
2025-06-22 00:18:25,100.04029339320431,1179
2025-06-22 00:18:30,100.0118770263736,8996
2025-06-22 00:18:35,100.02232050676292,6464
2025-06-22 00:18:40,99.99778192881455,7720
2025-06-22 00:18:45,99.99060270981116,1921
2025-06-22 00:18:50,100.00717095976422,4092
2025-06-22 00:18:55,100.00814960277496,6527
2025-06-22 00:19:00,99.99175282490073,8465
2025-06-22 00:19:05,99.9808718937999,3719
2025-06-22 00:19:10,99.99121077959825,9113
2025-06-22 00:19:15,99.98010077775636,1151
2025-06-22 00:19:20,99.98339406780306,9204
2025-06-22 00:19:25,99.98408788714414,9906
2025-06-22 00:19:30,99.97417675093243,4625
2025-06-22 00:19:35,100.00679329614368,9440
2025-06-22 00:19:40,100.01643976607703,2144
2025-06-22 00:19:45,99.98562846315701,5482
2025-06-22 00:19:50,99.98846548639212,5534
2025-06-22 00:19:55,99.97839897276074,1720
2025-06-22 00:20:00,99.99136695094892,5568
2025-06-22 00:20:05,99.97931147830529,4229
2025-06-22 00:20:10,99.97756677389815,2006
2025-06-22 00:20:15,99.98524906081175,5728
2025-06-22 00:20:20,99.99842060973893,8099
2025-06-22 00:20:25,99.98016121584398,8116
2025-06-22 00:20:30,99.97507365929636,4813
2025-06-22 00:20:35,99.96785023722381,1537
2025-06-22 00:20:40,99.9579144175235,3685
2025-06-22 00:20:45,99.98476782885247,2980
2025-06-22 00:20:50,99.99092925927279,6906
2025-06-22 00:20:55,99.97174967926513,1539
2025-06-22 00:21:00,99.98571211243764,8046
2025-06-22 00:21:05,100.0180008686111,8261
2025-06-22 00:21:10,100.03371396792967,9675
2025-06-22 00:21:15,100.01059294788898,7300
2025-06-22 00:21:20,100.00322563080132,1051
2025-06-22 00:21:25,100.02250412858088,9434
2025-06-22 00:21:30,100.01173601605808,2686
2025-06-22 00:21:35,100.01849011291863,3821
2025-06-22 00:21:40,100.03027924745268,7563
2025-06-22 00:21:45,100.01617375271327,9120
2025-06-22 00:21:50,100.01526853967786,9096
2025-06-22 00:21:55,99.96595943583333,9616
2025-06-22 00:22:00,99.95038097210212,9886
2025-06-22 00:22:05,99.94654082895136,9545
2025-06-22 00:22:10,99.92756894056515,4690
2025-06-22 00:22:15,99.95239095906956,2689
2025-06-22 00:22:20,99.93064535438866,9484
2025-06-22 00:22:25,99.92395573629142,1716
2025-06-22 00:22:30,99.92594397623519,8283
2025-06-22 00:22:35,99.94785899284649,5575
2025-06-22 00:22:40,99.92602739969274,5572
2025-06-22 00:22:45,99.94371342492809,1637
2025-06-22 00:22:50,99.94386960686029,8979
2025-06-22 00:22:55,99.92894650295116,4948
2025-06-22 00:23:00,99.93597301318795,9881
2025-06-22 00:23:05,99.93900029507343,6550
2025-06-22 00:23:10,99.9298748515981,9903
2025-06-22 00:23:15,99.930936695708,9630
2025-06-22 00:23:20,99.9250791347452,4341
2025-06-22 00:23:25,99.92680554536928,6550
2025-06-22 00:23:30,99.93687325457438,5238
2025-06-22 00:23:35,99.96099198747388,2783
2025-06-22 00:23:40,99.94216892161526,2488
2025-06-22 00:23:45,99.974609065056,8160
2025-06-22 00:23:50,99.94492152342451,1467
2025-06-22 00:23:55,99.94261406371487,6583
2025-06-22 00:24:00,99.9515608671748,2417
2025-06-22 00:24:05,99.95583462123982,6905
2025-06-22 00:24:10,99.94636576098287,2776
2025-06-22 00:24:15,99.94320160857934,2081
2025-06-22 00:24:20,99.93570595801374,3925
2025-06-22 00:24:25,99.92674580400981,5084
2025-06-22 00:24:30,99.93966403244913,8628
2025-06-22 00:24:35,99.94509329857227,7195
2025-06-22 00:24:40,99.93455793692397,2011
2025-06-22 00:24:45,99.94823747062102,8902
2025-06-22 00:24:50,99.95291115150191,1813
2025-06-22 00:24:55,99.96527397410156,1272
2025-06-22 00:25:00,99.97485118253609,4644
2025-06-22 00:25:05,99.96224297072371,2716
2025-06-22 00:25:10,99.95372424708613,7276
2025-06-22 00:25:15,99.9650899203737,7232
2025-06-22 00:25:20,99.9743741759217,7828
2025-06-22 00:25:25,99.9740568288478,1356
2025-06-22 00:25:30,99.97584203952432,1203
2025-06-22 00:25:35,99.99527886351508,4745
2025-06-22 00:25:40,99.9862798000185,2596
2025-06-22 00:25:45,99.9946034046164,7614
2025-06-22 00:25:50,99.99152793335682,1496
2025-06-22 00:25:55,99.98821693338095,1062
2025-06-22 00:26:00,100.00493429698976,2579
2025-06-22 00:26:05,100.01749459391094,9731
2025-06-22 00:26:10,100.0298752592111,5293
2025-06-22 00:26:15,100.04974597288341,5876
2025-06-22 00:26:20,100.05006627463135,8850
2025-06-22 00:26:25,100.06044817094778,5125
2025-06-22 00:26:30,100.05572544959367,3713
2025-06-22 00:26:35,100.06066093273115,6328
2025-06-22 00:26:40,100.05868026674837,8887
2025-06-22 00:26:45,100.06015746927932,4379
2025-06-22 00:26:50,100.06921893166466,2598
2025-06-22 00:26:55,100.0567628378638,8633
2025-06-22 00:27:00,100.08862121658696,4178
2025-06-22 00:27:05,100.07330333661851,9044
2025-06-22 00:27:10,100.05481879010605,6113
2025-06-22 00:27:15,100.07245067745313,4372
2025-06-22 00:27:20,100.08450547341283,7763
2025-06-22 00:27:25,100.09401020888727,2069
2025-06-22 00:27:30,100.10358020543146,3776
2025-06-22 00:27:35,100.10339426319247,2192
2025-06-22 00:27:40,100.08973036994374,1813
2025-06-22 00:27:45,100.09088532034173,2152
2025-06-22 00:27:50,100.08057437972576,6832
2025-06-22 00:27:55,100.09542398873286,2883
2025-06-22 00:28:00,100.09318505119842,1267
2025-06-22 00:28:05,100.08061517628263,4671
2025-06-22 00:28:10,100.07572220333702,3812
2025-06-22 00:28:15,100.08201028931383,7562
2025-06-22 00:28:20,100.07342740674694,8013
2025-06-22 00:28:25,100.0609098983274,6177
2025-06-22 00:28:30,100.06462038731661,5085
2025-06-22 00:28:35,100.06835049203843,1383
2025-06-22 00:28:40,100.06063320213853,3850
2025-06-22 00:28:45,100.05346307315699,7721
2025-06-22 00:28:50,100.05699612944164,8083
2025-06-22 00:28:55,100.03495467760577,2049
2025-06-22 00:29:00,100.01353618525258,2833
2025-06-22 00:29:05,100.0026051010993,9989
2025-06-22 00:29:10,99.99935815293547,5467
2025-06-22 00:29:15,100.00408912115319,3975
2025-06-22 00:29:20,100.02653996749149,6155
2025-06-22 00:29:25,100.03959373683956,8698
2025-06-22 00:29:30,100.03715999466674,9000
2025-06-22 00:29:35,100.03687114410069,2290
2025-06-22 00:29:40,100.02161426407027,8961
2025-06-22 00:29:45,100.02133311401938,8599
2025-06-22 00:29:50,100.01694105103981,8186
2025-06-22 00:29:55,100.02185258877387,8506
2025-06-22 00:30:00,100.0092652913474,3187
2025-06-22 00:30:05,100.0171685200549,9258
2025-06-22 00:30:10,100.04049570236171,8791
2025-06-22 00:30:15,100.03884089192765,7770
2025-06-22 00:30:20,100.044955880855,9770
2025-06-22 00:30:25,100.05546193832842,8934
2025-06-22 00:30:30,100.0493549430466,2605
2025-06-22 00:30:35,100.0527667214782,8987
2025-06-22 00:30:40,100.05295898904303,8165
2025-06-22 00:30:45,100.05444646064475,7054
2025-06-22 00:30:50,100.04268035878783,5505
2025-06-22 00:30:55,100.04305400802163,8247
2025-06-22 00:31:00,100.05063493902043,6807
2025-06-22 00:31:05,100.07272758314939,7256
2025-06-22 00:31:10,100.08733468354582,9051
2025-06-22 00:31:15,100.12012887254551,5284
2025-06-22 00:31:20,100.10844128796597,3154
2025-06-22 00:31:25,100.12172907718413,8742
2025-06-22 00:31:30,100.12452255093083,3804
2025-06-22 00:31:35,100.15788696567604,3220
2025-06-22 00:31:40,100.14557101906394,1721
2025-06-22 00:31:45,100.13277785674657,7974
2025-06-22 00:31:50,100.12364727520732,6803
2025-06-22 00:31:55,100.0912990814952,4394
2025-06-22 00:32:00,100.08329356986171,5025
2025-06-22 00:32:05,100.07173536059818,9128
2025-06-22 00:32:10,100.0740257759472,6156
2025-06-22 00:32:15,100.07922999106212,5812
2025-06-22 00:32:20,100.1078022946124,9650
2025-06-22 00:32:25,100.12227974736687,9818
2025-06-22 00:32:30,100.11349266991776,3456
2025-06-22 00:32:35,100.09980972723712,1206
2025-06-22 00:32:40,100.10730236884706,2356
2025-06-22 00:32:45,100.08719670537636,8461
2025-06-22 00:32:50,100.11509022562207,8156
2025-06-22 00:32:55,100.13305767956429,9151
2025-06-22 00:33:00,100.12591073585004,7522
2025-06-22 00:33:05,100.09981738606521,3673
2025-06-22 00:33:10,100.12043916232247,2049
2025-06-22 00:33:15,100.1186949898113,7823
2025-06-22 00:33:20,100.13755247390309,3591
2025-06-22 00:33:25,100.11326418703518,7876
2025-06-22 00:33:30,100.10413565324173,5004
2025-06-22 00:33:35,100.10421609601075,6973
2025-06-22 00:33:40,100.10493220977342,9282
2025-06-22 00:33:45,100.09807831038037,9667
2025-06-22 00:33:50,100.10756499336316,9056
2025-06-22 00:33:55,100.09130609348074,3046
2025-06-22 00:34:00,100.08913848340018,6307
2025-06-22 00:34:05,100.09097095059381,8736
2025-06-22 00:34:10,100.09880589430779,4690
2025-06-22 00:34:15,100.10964463352664,4266
2025-06-22 00:34:20,100.09251703250972,5629
2025-06-22 00:34:25,100.06915793985988,3745
2025-06-22 00:34:30,100.08861308749147,8023
2025-06-22 00:34:35,100.09367427162451,9276
2025-06-22 00:34:40,100.08227697230728,3639
2025-06-22 00:34:45,100.1058997820802,5936
2025-06-22 00:34:50,100.10766217419085,1076
2025-06-22 00:34:55,100.1256261175916,7473
2025-06-22 00:35:00,100.12665525380032,4504
2025-06-22 00:35:05,100.15805374709386,3424
2025-06-22 00:35:10,100.1848067703587,7484
2025-06-22 00:35:15,100.18101255285063,6296
2025-06-22 00:35:20,100.19582296577495,7567
2025-06-22 00:35:25,100.2056623390983,7086
2025-06-22 00:35:30,100.22653098295461,3221
2025-06-22 00:35:35,100.21181854331634,1405
2025-06-22 00:35:40,100.22227971928844,3129
2025-06-22 00:35:45,100.23842080929724,7834
2025-06-22 00:35:50,100.21160281081987,1397
2025-06-22 00:35:55,100.1935642152673,4473
2025-06-22 00:36:00,100.1624836321248,5989
2025-06-22 00:36:05,100.15837874139773,4926
2025-06-22 00:36:10,100.16931426601906,2944
2025-06-22 00:36:15,100.19221379868621,9629
2025-06-22 00:36:20,100.19334386791664,6391
2025-06-22 00:36:25,100.21817402830266,6399
2025-06-22 00:36:30,100.1971334310291,1222
2025-06-22 00:36:35,100.17117014740847,2610
2025-06-22 00:36:40,100.17032415273756,8830
2025-06-22 00:36:45,100.17617822587037,5604
2025-06-22 00:36:50,100.17568049570721,5000
2025-06-22 00:36:55,100.14417564016675,3664
2025-06-22 00:37:00,100.14281835577765,2065
2025-06-22 00:37:05,100.12294569097448,6364
2025-06-22 00:37:10,100.1331480601428,6393
2025-06-22 00:37:15,100.13873383658652,8102
2025-06-22 00:37:20,100.12441578555645,8501
2025-06-22 00:37:25,100.11658870763956,1603
2025-06-22 00:37:30,100.10045637761006,6130
2025-06-22 00:37:35,100.09950237136083,7295
2025-06-22 00:37:40,100.11405049506448,9380
2025-06-22 00:37:45,100.09903775142683,8103
2025-06-22 00:37:50,100.10671504364764,9867
2025-06-22 00:37:55,100.09863972658968,1637
2025-06-22 00:38:00,100.08656595901495,2844
2025-06-22 00:38:05,100.08493672675812,1046
2025-06-22 00:38:10,100.06917445879063,1819
2025-06-22 00:38:15,100.06074606001377,4807
2025-06-22 00:38:20,100.04251209785163,4022
2025-06-22 00:38:25,100.07242219590164,2080
2025-06-22 00:38:30,100.07295968288345,4146
2025-06-22 00:38:35,100.06230707717192,2277
2025-06-22 00:38:40,100.06556533841857,7741
2025-06-22 00:38:45,100.06385579473074,3217
2025-06-22 00:38:50,100.06049233814231,6265
2025-06-22 00:38:55,100.06984325542635,3886
2025-06-22 00:39:00,100.08137766153094,6634
2025-06-22 00:39:05,100.07330068047041,9987
2025-06-22 00:39:10,100.06453442631305,4328
2025-06-22 00:39:15,100.0603476140546,8293
2025-06-22 00:39:20,100.02531057828574,4006
2025-06-22 00:39:25,100.0022550819491,7958
2025-06-22 00:39:30,100.02305462210562,8972
2025-06-22 00:39:35,100.04809149064235,5143
2025-06-22 00:39:40,100.04430135656813,6517
2025-06-22 00:39:45,100.05307824147724,2218
2025-06-22 00:39:50,100.05781696652987,9018
2025-06-22 00:39:55,100.10469928888418,9916
2025-06-22 00:40:00,100.1217529447287,2344
2025-06-22 00:40:05,100.11980496934976,1137
2025-06-22 00:40:10,100.10525110447757,5450
2025-06-22 00:40:15,100.08078764627713,5906
2025-06-22 00:40:20,100.08388637492088,3759
2025-06-22 00:40:25,100.07237045332708,1058
2025-06-22 00:40:30,100.05071881379898,1770
2025-06-22 00:40:35,100.04087759431177,1388
2025-06-22 00:40:40,100.02441757215689,4422
2025-06-22 00:40:45,100.05009675702694,8012
2025-06-22 00:40:50,100.0635186778038,5852
2025-06-22 00:40:55,100.06339788002515,1595
2025-06-22 00:41:00,100.0859319041054,9627
2025-06-22 00:41:05,100.08711062308487,2982
2025-06-22 00:41:10,100.07399662468988,9965
2025-06-22 00:41:15,100.0971906337671,9209
2025-06-22 00:41:20,100.10539877366901,5330
2025-06-22 00:41:25,100.08960276850226,6429
2025-06-22 00:41:30,100.08670488409483,2692
2025-06-22 00:41:35,100.07337269295184,3770
2025-06-22 00:41:40,100.05232142201716,5376
2025-06-22 00:41:45,100.06642170993184,5926
2025-06-22 00:41:50,100.09549665727593,4267
2025-06-22 00:41:55,100.0742006539956,8564
2025-06-22 00:42:00,100.0827732599648,2695
2025-06-22 00:42:05,100.07286692410756,2586
2025-06-22 00:42:10,100.06545100088861,5680
2025-06-22 00:42:15,100.05643310071797,6447
2025-06-22 00:42:20,100.04328192491361,6460
2025-06-22 00:42:25,100.04402105917947,8965
2025-06-22 00:42:30,100.03137436876895,3268
2025-06-22 00:42:35,100.03549119294507,8249
2025-06-22 00:42:40,100.03472715500129,8461
2025-06-22 00:42:45,100.0310910587328,4486
2025-06-22 00:42:50,100.01728015662461,6801
2025-06-22 00:42:55,100.008504307736,3749
2025-06-22 00:43:00,100.01999943596805,8785
2025-06-22 00:43:05,100.02762304181937,7975
2025-06-22 00:43:10,100.01274758908875,2405
2025-06-22 00:43:15,100.01425966484915,4575
2025-06-22 00:43:20,100.02569451846004,3727
2025-06-22 00:43:25,100.00029260461334,7487
2025-06-22 00:43:30,100.00856051134139,7291
2025-06-22 00:43:35,99.99847923577592,3501
2025-06-22 00:43:40,100.00716144161461,1937
2025-06-22 00:43:45,99.99554924469113,2755
2025-06-22 00:43:50,99.96809440859106,4390
2025-06-22 00:43:55,99.9433436825086,6816
2025-06-22 00:44:00,99.94407543823742,2216
2025-06-22 00:44:05,99.94802543680794,2203
2025-06-22 00:44:10,99.93427537285801,2890
2025-06-22 00:44:15,99.94398591206469,9582
2025-06-22 00:44:20,99.91872462064265,8688
2025-06-22 00:44:25,99.9177206489201,7500
2025-06-22 00:44:30,99.89931305821341,7716
2025-06-22 00:44:35,99.88940674247738,4746
2025-06-22 00:44:40,99.89012767342055,9290
2025-06-22 00:44:45,99.87705271794118,3195
2025-06-22 00:44:50,99.87120983399552,5665
2025-06-22 00:44:55,99.88650212203603,8349
2025-06-22 00:45:00,99.87773591634769,5398
2025-06-22 00:45:05,99.89043640690473,4629
2025-06-22 00:45:10,99.87326934959113,8766
2025-06-22 00:45:15,99.88132075055502,7147
2025-06-22 00:45:20,99.90323046971035,2063
2025-06-22 00:45:25,99.86566962707744,9830
2025-06-22 00:45:30,99.85356285043223,9743
2025-06-22 00:45:35,99.86233082903709,4275
2025-06-22 00:45:40,99.85924647033383,1976
2025-06-22 00:45:45,99.86488606402746,5069
2025-06-22 00:45:50,99.85571013763767,7402
2025-06-22 00:45:55,99.85702624493605,1345
2025-06-22 00:46:00,99.85466168351003,5942
2025-06-22 00:46:05,99.87240525330519,3942
2025-06-22 00:46:10,99.87627185692551,8404
2025-06-22 00:46:15,99.8814026723807,2076
2025-06-22 00:46:20,99.87514436990263,4770
2025-06-22 00:46:25,99.86773579288337,6652
2025-06-22 00:46:30,99.8611641283271,9424
2025-06-22 00:46:35,99.86715795223479,9048
2025-06-22 00:46:40,99.86076216871054,1450
2025-06-22 00:46:45,99.86516548903943,1350
2025-06-22 00:46:50,99.89670468818771,5004
2025-06-22 00:46:55,99.9099461936084,5678
2025-06-22 00:47:00,99.90499107152283,1244
2025-06-22 00:47:05,99.9232518424336,5645
2025-06-22 00:47:10,99.91704870919995,5734
2025-06-22 00:47:15,99.88607073570057,1440
2025-06-22 00:47:20,99.87075241762062,6915
2025-06-22 00:47:25,99.84233063589362,1411
2025-06-22 00:47:30,99.83699168141749,1813
2025-06-22 00:47:35,99.83727202949403,5678
2025-06-22 00:47:40,99.86274053097065,2730
2025-06-22 00:47:45,99.86770844669442,7643
2025-06-22 00:47:50,99.86437998166197,2974
2025-06-22 00:47:55,99.8769832449674,1549
2025-06-22 00:48:00,99.84338950597186,2937
2025-06-22 00:48:05,99.84696929517337,1203
2025-06-22 00:48:10,99.85868095227164,4588
2025-06-22 00:48:15,99.83621987436742,8083
2025-06-22 00:48:20,99.85359512705759,3536
2025-06-22 00:48:25,99.85873835626424,6788
2025-06-22 00:48:30,99.85242965452356,9298
2025-06-22 00:48:35,99.862043957412,4811
2025-06-22 00:48:40,99.89655032691384,3701
2025-06-22 00:48:45,99.89931508777163,8825
2025-06-22 00:48:50,99.9030884906877,6974
2025-06-22 00:48:55,99.89610713235565,4936
2025-06-22 00:49:00,99.8831920083964,5090
2025-06-22 00:49:05,99.89581178418439,7956
2025-06-22 00:49:10,99.88280187931423,3546
2025-06-22 00:49:15,99.88389003278486,4736
2025-06-22 00:49:20,99.87663198600143,2672
2025-06-22 00:49:25,99.88391128484557,1401
2025-06-22 00:49:30,99.88898260563003,9793
2025-06-22 00:49:35,99.90475257111405,5313
2025-06-22 00:49:40,99.89700118845897,7352
2025-06-22 00:49:45,99.89290006351747,9479
2025-06-22 00:49:50,99.87802628202977,1087
2025-06-22 00:49:55,99.87127562655259,8146
2025-06-22 00:50:00,99.87700942394268,7279
2025-06-22 00:50:05,99.8885137143839,3205
2025-06-22 00:50:10,99.87450061871765,3967
2025-06-22 00:50:15,99.88771609933606,5250
2025-06-22 00:50:20,99.90832101652006,4534
2025-06-22 00:50:25,99.91460623732165,9411
2025-06-22 00:50:30,99.94314104457067,4238
2025-06-22 00:50:35,99.93137618160742,9513
2025-06-22 00:50:40,99.9124547283856,3738
2025-06-22 00:50:45,99.88542028979872,5936
2025-06-22 00:50:50,99.90815896483103,2836
2025-06-22 00:50:55,99.91810675106815,3559
2025-06-22 00:51:00,99.9172623315959,2568
2025-06-22 00:51:05,99.9215190632099,5720
2025-06-22 00:51:10,99.90441077459958,8957
2025-06-22 00:51:15,99.94159363220082,9544
2025-06-22 00:51:20,99.94355911927639,7525
2025-06-22 00:51:25,99.94522316090725,8935
2025-06-22 00:51:30,99.95626048767323,9221
2025-06-22 00:51:35,99.96357645525153,8514
2025-06-22 00:51:40,99.9669821380217,8065
2025-06-22 00:51:45,99.95496072451353,7737
2025-06-22 00:51:50,99.96213149204011,3540
2025-06-22 00:51:55,99.99075941662903,4819
2025-06-22 00:52:00,100.01123011302226,9686
2025-06-22 00:52:05,100.03547591501433,9023
2025-06-22 00:52:10,100.02769613834967,1834
2025-06-22 00:52:15,100.01263732296029,4324
2025-06-22 00:52:20,100.01072389114587,1629
2025-06-22 00:52:25,100.0115723919721,3986
2025-06-22 00:52:30,100.0282238771158,9221
2025-06-22 00:52:35,100.00247047482958,9079
2025-06-22 00:52:40,100.02574570367754,8933
2025-06-22 00:52:45,100.02334167886984,4782
2025-06-22 00:52:50,100.01684616398488,9998
2025-06-22 00:52:55,100.0014466566546,7485
2025-06-22 00:53:00,99.97627219792102,6406
2025-06-22 00:53:05,99.98879473057112,4468
2025-06-22 00:53:10,99.98991068779016,8144
2025-06-22 00:53:15,99.97028904198231,9412
2025-06-22 00:53:20,99.95059341914569,6275
2025-06-22 00:53:25,99.94548785054324,6867
2025-06-22 00:53:30,99.97087116308612,7516
2025-06-22 00:53:35,99.96692341339414,5626
2025-06-22 00:53:40,99.94406457854306,3262
2025-06-22 00:53:45,99.94032845645076,3414
2025-06-22 00:53:50,99.93618223982837,6240
2025-06-22 00:53:55,99.89518559145259,6122
2025-06-22 00:54:00,99.89436096870634,5993
2025-06-22 00:54:05,99.89085176313927,9964
2025-06-22 00:54:10,99.90143378273405,3492
2025-06-22 00:54:15,99.92954155776417,9211
2025-06-22 00:54:20,99.94667166854225,9997
2025-06-22 00:54:25,99.94258350107123,3175
2025-06-22 00:54:30,99.92575990622115,3405
2025-06-22 00:54:35,99.96489150037512,4363
2025-06-22 00:54:40,99.96579274639919,8341
2025-06-22 00:54:45,99.96600518006362,8900
2025-06-22 00:54:50,99.96563883250893,2605
2025-06-22 00:54:55,99.96865218452584,3557
2025-06-22 00:55:00,99.96645710194034,9635
2025-06-22 00:55:05,99.95773299928267,3042
2025-06-22 00:55:10,99.94941724653197,1778
2025-06-22 00:55:15,99.94891975311072,4159
2025-06-22 00:55:20,99.94065695177201,7395
2025-06-22 00:55:25,99.92981895074654,2746
2025-06-22 00:55:30,99.93143769007142,6974
2025-06-22 00:55:35,99.9275616485025,6150
2025-06-22 00:55:40,99.9504307921645,1420
2025-06-22 00:55:45,99.91012627072183,3108
2025-06-22 00:55:50,99.9267200495571,5674
2025-06-22 00:55:55,99.94566711350079,6345
2025-06-22 00:56:00,99.91414417596465,4996
2025-06-22 00:56:05,99.90893554060814,7082
2025-06-22 00:56:10,99.90329013180063,4910
2025-06-22 00:56:15,99.88189910193043,3626
2025-06-22 00:56:20,99.87008025140214,1490
2025-06-22 00:56:25,99.85320733381901,6932
2025-06-22 00:56:30,99.8798322716419,4371
2025-06-22 00:56:35,99.89405264831915,5064
2025-06-22 00:56:40,99.91338069402582,6837
2025-06-22 00:56:45,99.92435225467084,5989
2025-06-22 00:56:50,99.90718932614446,6971
2025-06-22 00:56:55,99.89921730726479,4380
2025-06-22 00:57:00,99.90665625530778,6689
2025-06-22 00:57:05,99.88808183428095,9603
2025-06-22 00:57:10,99.89891878500801,8473
2025-06-22 00:57:15,99.89526669136119,2676
2025-06-22 00:57:20,99.88957068752049,8790
2025-06-22 00:57:25,99.90037681645595,6282
2025-06-22 00:57:30,99.90713014008865,3711
2025-06-22 00:57:35,99.90164404391005,1602
2025-06-22 00:57:40,99.91926746890894,2937
2025-06-22 00:57:45,99.9028348225739,9121
2025-06-22 00:57:50,99.91219789577427,9217
2025-06-22 00:57:55,99.92121470605038,7812
2025-06-22 00:58:00,99.91650950646026,2067
2025-06-22 00:58:05,99.92146802086978,6252
2025-06-22 00:58:10,99.9024502708915,6863
2025-06-22 00:58:15,99.91649674566308,1379
2025-06-22 00:58:20,99.91368651609645,6502
2025-06-22 00:58:25,99.90574129722383,4182
2025-06-22 00:58:30,99.92168827124144,4747
2025-06-22 00:58:35,99.91098156724134,6196
2025-06-22 00:58:40,99.88957445872519,6132
2025-06-22 00:58:45,99.86592063165239,7040
2025-06-22 00:58:50,99.87512941960587,5120
2025-06-22 00:58:55,99.85567510651573,9737
2025-06-22 00:59:00,99.8823390546207,6259
2025-06-22 00:59:05,99.85070636526093,9466
2025-06-22 00:59:10,99.87648249740299,3922
2025-06-22 00:59:15,99.87968968984278,4387
2025-06-22 00:59:20,99.87822060581391,6442
2025-06-22 00:59:25,99.86994094346852,6552
2025-06-22 00:59:30,99.87600647015,5013
2025-06-22 00:59:35,99.87543516598647,6367
2025-06-22 00:59:40,99.8922024451366,9302
2025-06-22 00:59:45,99.8939390832082,7959
2025-06-22 00:59:50,99.89622403054013,7290
2025-06-22 00:59:55,99.89069831891844,1551
2025-06-22 01:00:00,99.88983344764961,1133
2025-06-22 01:00:05,99.89451203089828,7607
2025-06-22 01:00:10,99.86852405384369,7599
2025-06-22 01:00:15,99.84804171281405,6124
2025-06-22 01:00:20,99.85933414816932,2060
2025-06-22 01:00:25,99.86193073787322,8384
2025-06-22 01:00:30,99.85913600242392,3186
2025-06-22 01:00:35,99.85941664899501,3665
2025-06-22 01:00:40,99.86469821933906,4170
2025-06-22 01:00:45,99.8564980631601,3646
2025-06-22 01:00:50,99.84467480456651,1595
2025-06-22 01:00:55,99.84765048916907,5106
2025-06-22 01:01:00,99.83278938320912,6817
2025-06-22 01:01:05,99.83899113537554,4421
2025-06-22 01:01:10,99.81313278548693,3278
2025-06-22 01:01:15,99.8287634313723,2164
2025-06-22 01:01:20,99.8359422964157,1617
2025-06-22 01:01:25,99.83983192764427,1450
2025-06-22 01:01:30,99.85476084165707,8372
2025-06-22 01:01:35,99.88006720971254,2892
2025-06-22 01:01:40,99.89548361701146,6528
2025-06-22 01:01:45,99.86750937618389,3454
2025-06-22 01:01:50,99.8480694963065,4808
2025-06-22 01:01:55,99.83857865628622,2757
2025-06-22 01:02:00,99.83897555674969,1222
2025-06-22 01:02:05,99.8468396932364,7953
2025-06-22 01:02:10,99.83581595087757,8036
2025-06-22 01:02:15,99.83865346938674,3365
2025-06-22 01:02:20,99.82718046430813,2609
2025-06-22 01:02:25,99.81789360596815,8221
2025-06-22 01:02:30,99.79653377607976,2223
2025-06-22 01:02:35,99.7825173714563,2907
2025-06-22 01:02:40,99.76199955811192,6810
2025-06-22 01:02:45,99.74718913315677,7448
2025-06-22 01:02:50,99.76318111442636,8966
2025-06-22 01:02:55,99.74877229594263,5937
2025-06-22 01:03:00,99.78873067446908,6748
2025-06-22 01:03:05,99.7962212689023,2231
2025-06-22 01:03:10,99.79902834732196,1737
2025-06-22 01:03:15,99.78599652393791,5436
2025-06-22 01:03:20,99.79662974160341,3979
2025-06-22 01:03:25,99.78789046245416,1529
2025-06-22 01:03:30,99.78974343991645,8141
2025-06-22 01:03:35,99.82862013833406,5418
2025-06-22 01:03:40,99.82716172659217,2986
2025-06-22 01:03:45,99.8446192455288,1346
2025-06-22 01:03:50,99.83393852943286,6825
2025-06-22 01:03:55,99.8334076596564,2215
2025-06-22 01:04:00,99.86030885174976,9045
2025-06-22 01:04:05,99.85078420903112,6798
2025-06-22 01:04:10,99.87832296336822,1244
2025-06-22 01:04:15,99.8890791209796,8058
2025-06-22 01:04:20,99.88053189750178,1132
2025-06-22 01:04:25,99.89014322030923,2370
2025-06-22 01:04:30,99.90492558134997,2087
2025-06-22 01:04:35,99.91437814940446,5002
2025-06-22 01:04:40,99.89051182543517,9310
2025-06-22 01:04:45,99.87946208760114,3903
2025-06-22 01:04:50,99.87570139960299,7822
2025-06-22 01:04:55,99.87457092306809,1894
2025-06-22 01:05:00,99.88400332711763,2265
2025-06-22 01:05:05,99.88670444017622,7423
2025-06-22 01:05:10,99.86641347985412,1362
2025-06-22 01:05:15,99.87219102364648,8164
2025-06-22 01:05:20,99.881469925747,9505
2025-06-22 01:05:25,99.88997771138904,6632
2025-06-22 01:05:30,99.90640510360075,2706
2025-06-22 01:05:35,99.91908233248313,8334
2025-06-22 01:05:40,99.92606370395663,7913
2025-06-22 01:05:45,99.92499753991419,3393
2025-06-22 01:05:50,99.89974954623304,9126
2025-06-22 01:05:55,99.90628021805404,4694
2025-06-22 01:06:00,99.9094377522229,1989
2025-06-22 01:06:05,99.91356661416106,4680
2025-06-22 01:06:10,99.89416075597643,7410
2025-06-22 01:06:15,99.87773234180978,4397
2025-06-22 01:06:20,99.89373782130612,4997
2025-06-22 01:06:25,99.89313722819853,1910
2025-06-22 01:06:30,99.9034959659686,7586
2025-06-22 01:06:35,99.90392697962778,6981
2025-06-22 01:06:40,99.9043798491003,3123
2025-06-22 01:06:45,99.91864332857142,2851
2025-06-22 01:06:50,99.91079923182484,7456
2025-06-22 01:06:55,99.91226094725442,2615
2025-06-22 01:07:00,99.90523464893016,5026
2025-06-22 01:07:05,99.89863106036309,7869
2025-06-22 01:07:10,99.8939326132099,3446
2025-06-22 01:07:15,99.89730932136375,4312
2025-06-22 01:07:20,99.89003371602739,9014
2025-06-22 01:07:25,99.90912082862518,7857
2025-06-22 01:07:30,99.89552368506476,6019
2025-06-22 01:07:35,99.89268411242901,4216
2025-06-22 01:07:40,99.88600179878163,6475
2025-06-22 01:07:45,99.90799476833287,4669
2025-06-22 01:07:50,99.9109831254836,3524
2025-06-22 01:07:55,99.92666997497864,8498
2025-06-22 01:08:00,99.90408759814288,2961
2025-06-22 01:08:05,99.90814740222449,7303
2025-06-22 01:08:10,99.92167176468773,5625
2025-06-22 01:08:15,99.92292328120497,9292
2025-06-22 01:08:20,99.93912344549844,4448
2025-06-22 01:08:25,99.93125883134363,4244
2025-06-22 01:08:30,99.95268950587243,7047
2025-06-22 01:08:35,99.98765627263465,5674
2025-06-22 01:08:40,99.98213727211606,2214
2025-06-22 01:08:45,99.97536118608794,8606
2025-06-22 01:08:50,99.99747130154392,4626
2025-06-22 01:08:55,100.02150658548295,9981
2025-06-22 01:09:00,100.01355070789731,8875
2025-06-22 01:09:05,100.00715768588981,7268
2025-06-22 01:09:10,100.00287083335574,7812
2025-06-22 01:09:15,99.98241775358933,6479
2025-06-22 01:09:20,99.96844492183101,9694
2025-06-22 01:09:25,99.95317397243419,1172
2025-06-22 01:09:30,99.94149903487659,1886
2025-06-22 01:09:35,99.94097220959164,7263
2025-06-22 01:09:40,99.94453421167042,5368
2025-06-22 01:09:45,99.9681146006491,8056
2025-06-22 01:09:50,99.9529317024652,5953
2025-06-22 01:09:55,99.96790234134474,1260
2025-06-22 01:10:00,99.96464828125625,4352
2025-06-22 01:10:05,99.96389656225043,2352
2025-06-22 01:10:10,99.9741610125495,6243
2025-06-22 01:10:15,99.95708579160953,4006
2025-06-22 01:10:20,99.96290222146519,1822
2025-06-22 01:10:25,99.9654343822269,1531
2025-06-22 01:10:30,99.97292505895032,3820
2025-06-22 01:10:35,99.97732410391107,1166
2025-06-22 01:10:40,100.01467939056391,5926
2025-06-22 01:10:45,100.0049761108882,2055
2025-06-22 01:10:50,99.99689775251326,2254
2025-06-22 01:10:55,99.98741829346996,5286
2025-06-22 01:11:00,99.97896897720857,9009
2025-06-22 01:11:05,99.96927452900336,5007
2025-06-22 01:11:10,99.98736149561933,8758
2025-06-22 01:11:15,100.008973962112,8889
2025-06-22 01:11:20,100.00029051027681,5744
2025-06-22 01:11:25,99.98762796720058,9297
2025-06-22 01:11:30,99.99480027497866,5287
2025-06-22 01:11:35,99.98639983733888,2002
2025-06-22 01:11:40,99.99602932091312,1084
2025-06-22 01:11:45,99.99911720012324,3995
2025-06-22 01:11:50,99.97605932885556,6156
2025-06-22 01:11:55,99.99960158396749,8194
2025-06-22 01:12:00,100.02692919580336,6783
2025-06-22 01:12:05,100.01760441562419,6695
2025-06-22 01:12:10,100.01170543857779,1153
2025-06-22 01:12:15,100.01605592448827,7414
2025-06-22 01:12:20,100.02114604783867,7684
2025-06-22 01:12:25,100.0311686795396,3019
2025-06-22 01:12:30,100.06176775833323,1570
2025-06-22 01:12:35,100.0590745444159,8922
2025-06-22 01:12:40,100.04692298057782,9340
2025-06-22 01:12:45,100.0259302414445,7153
2025-06-22 01:12:50,100.01480780867786,3691
2025-06-22 01:12:55,100.0143043032599,8669
2025-06-22 01:13:00,100.041615844392,6507
2025-06-22 01:13:05,100.03373825104798,5869
2025-06-22 01:13:10,100.03714486193536,6849
2025-06-22 01:13:15,100.03689548194569,6967
2025-06-22 01:13:20,100.05498519512213,4655
2025-06-22 01:13:25,100.09346036203604,7671
2025-06-22 01:13:30,100.08537680783517,6669
2025-06-22 01:13:35,100.07792472284426,3492
2025-06-22 01:13:40,100.09382534629886,7512
2025-06-22 01:13:45,100.10421084697474,9774
2025-06-22 01:13:50,100.13234141514121,5350
2025-06-22 01:13:55,100.1412383317138,7599
2025-06-22 01:14:00,100.1357648850128,5656
2025-06-22 01:14:05,100.14476459651966,9511
2025-06-22 01:14:10,100.1616594082611,5315
2025-06-22 01:14:15,100.1741641876031,5794
2025-06-22 01:14:20,100.18189643618764,2437
2025-06-22 01:14:25,100.19815679384153,1031
2025-06-22 01:14:30,100.21598447798206,1714
2025-06-22 01:14:35,100.23706157254632,8955
2025-06-22 01:14:40,100.24695584506492,1408
2025-06-22 01:14:45,100.2444075578159,8346
2025-06-22 01:14:50,100.24664579618629,9038
2025-06-22 01:14:55,100.26504979024475,8740
2025-06-22 01:15:00,100.25258892066131,8664
2025-06-22 01:15:05,100.25821301252344,6031
2025-06-22 01:15:10,100.25221386010975,2127
2025-06-22 01:15:15,100.25265288281643,6436
2025-06-22 01:15:20,100.27215552894869,9898
2025-06-22 01:15:25,100.27507154422351,1782
2025-06-22 01:15:30,100.27578058001369,6300
2025-06-22 01:15:35,100.25503669615227,3179
2025-06-22 01:15:40,100.26642076563361,7806
2025-06-22 01:15:45,100.27626872300196,2178
2025-06-22 01:15:50,100.30927853580174,3406
2025-06-22 01:15:55,100.3045820469458,3807
2025-06-22 01:16:00,100.30792710481792,3764
2025-06-22 01:16:05,100.31173369297785,3724
2025-06-22 01:16:10,100.33581216690324,3535
2025-06-22 01:16:15,100.33435801387671,9404
2025-06-22 01:16:20,100.33861805636565,5861
2025-06-22 01:16:25,100.34789923539053,7300
2025-06-22 01:16:30,100.35074890140478,8856
2025-06-22 01:16:35,100.34393361861885,4146
2025-06-22 01:16:40,100.3468973845926,7578
2025-06-22 01:16:45,100.36329075605919,2201
2025-06-22 01:16:50,100.34761788931434,3889
2025-06-22 01:16:55,100.34964859229362,1644
2025-06-22 01:17:00,100.33896049870211,6951
2025-06-22 01:17:05,100.35720642354038,5222
2025-06-22 01:17:10,100.33395236712438,5320
2025-06-22 01:17:15,100.325421186983,4088
2025-06-22 01:17:20,100.33117970497726,9688
2025-06-22 01:17:25,100.35508070425887,9664
2025-06-22 01:17:30,100.35407737958812,4382
2025-06-22 01:17:35,100.34560131727366,8925
2025-06-22 01:17:40,100.37432581601804,2160
2025-06-22 01:17:45,100.35221553545654,5312
2025-06-22 01:17:50,100.31865013421623,9387
2025-06-22 01:17:55,100.32536687864834,3248
2025-06-22 01:18:00,100.31770438690799,5461
2025-06-22 01:18:05,100.30211925218252,3766
2025-06-22 01:18:10,100.31293027565945,2551
2025-06-22 01:18:15,100.31665184249506,3447
2025-06-22 01:18:20,100.30804343370271,6644
2025-06-22 01:18:25,100.28850670146353,5309
2025-06-22 01:18:30,100.30182047744874,8496
2025-06-22 01:18:35,100.31174390222647,9310
2025-06-22 01:18:40,100.31023087748629,4496
2025-06-22 01:18:45,100.33841826627244,2716
2025-06-22 01:18:50,100.32208425805686,5937
2025-06-22 01:18:55,100.2988026580051,3914
2025-06-22 01:19:00,100.28824529296887,2672
2025-06-22 01:19:05,100.28755030741651,2455
2025-06-22 01:19:10,100.29126389431016,7545
2025-06-22 01:19:15,100.28758356226169,8026
2025-06-22 01:19:20,100.29295604279937,4978
2025-06-22 01:19:25,100.2738610918206,3471
2025-06-22 01:19:30,100.29589042733058,9309
2025-06-22 01:19:35,100.29463742689173,1367
2025-06-22 01:19:40,100.31168865707454,4176
2025-06-22 01:19:45,100.31692002677184,4374
2025-06-22 01:19:50,100.323892152166,7773
2025-06-22 01:19:55,100.33258992021182,4812
2025-06-22 01:20:00,100.33942505739442,7291
2025-06-22 01:20:05,100.34923802466771,6985
2025-06-22 01:20:10,100.36953369362355,3197
2025-06-22 01:20:15,100.37253534269105,5911
2025-06-22 01:20:20,100.38336384220547,1900
2025-06-22 01:20:25,100.38199391335563,1192
2025-06-22 01:20:30,100.40399128729545,3770
2025-06-22 01:20:35,100.39365984409802,6180
2025-06-22 01:20:40,100.42117249490087,1950
2025-06-22 01:20:45,100.4205595208552,7679
2025-06-22 01:20:50,100.39870238134905,4606
2025-06-22 01:20:55,100.40065979894091,6038
2025-06-22 01:21:00,100.39025753203613,1257
2025-06-22 01:21:05,100.40309883238963,2221
2025-06-22 01:21:10,100.39313052553534,1650
2025-06-22 01:21:15,100.38631618551003,3425
2025-06-22 01:21:20,100.35746140759919,4159
2025-06-22 01:21:25,100.35055600531628,1397
2025-06-22 01:21:30,100.31355598070341,6301
2025-06-22 01:21:35,100.28938559785452,6402
2025-06-22 01:21:40,100.3009896700781,8700
2025-06-22 01:21:45,100.31298252116045,1560
2025-06-22 01:21:50,100.3194767023104,9381
2025-06-22 01:21:55,100.30471929325552,9396
2025-06-22 01:22:00,100.30399175922115,6099
2025-06-22 01:22:05,100.30393736219145,4371
2025-06-22 01:22:10,100.28626197690585,4041
2025-06-22 01:22:15,100.30920413587816,7844
2025-06-22 01:22:20,100.3225955268852,6398
2025-06-22 01:22:25,100.31922345606473,1712
2025-06-22 01:22:30,100.31963439827078,4456
2025-06-22 01:22:35,100.32281560654882,7947
2025-06-22 01:22:40,100.29165674064082,5406
2025-06-22 01:22:45,100.28788573952667,8649
2025-06-22 01:22:50,100.27748092858099,4877
2025-06-22 01:22:55,100.26220122420207,4522
2025-06-22 01:23:00,100.25791387749838,6651
2025-06-22 01:23:05,100.2853396795539,5112
2025-06-22 01:23:10,100.29511867124083,5565
2025-06-22 01:23:15,100.28640377228182,5906
2025-06-22 01:23:20,100.2951412531066,6423
2025-06-22 01:23:25,100.31649745897589,9746
2025-06-22 01:23:30,100.33061141018034,5977
2025-06-22 01:23:35,100.331522241581,3678
2025-06-22 01:23:40,100.3216478473501,9775
2025-06-22 01:23:45,100.33230629255115,5941
2025-06-22 01:23:50,100.33831363665004,8329
2025-06-22 01:23:55,100.351981157277,1841
2025-06-22 01:24:00,100.36168005275864,5038
2025-06-22 01:24:05,100.37770810397103,2804
2025-06-22 01:24:10,100.36953491514001,9921
2025-06-22 01:24:15,100.3896550925579,5349
2025-06-22 01:24:20,100.39267381566943,5946
2025-06-22 01:24:25,100.42437747340777,8118
2025-06-22 01:24:30,100.41384844906047,7657
2025-06-22 01:24:35,100.44037368617519,2572
2025-06-22 01:24:40,100.44339868982449,7240
2025-06-22 01:24:45,100.43344480974908,5966
2025-06-22 01:24:50,100.4260516639817,1256
2025-06-22 01:24:55,100.42115766986522,1127
2025-06-22 01:25:00,100.42763911884575,7867
2025-06-22 01:25:05,100.43562872380704,8854
2025-06-22 01:25:10,100.42686309582682,3205
2025-06-22 01:25:15,100.42649155265427,9513
2025-06-22 01:25:20,100.45923008348599,5379
2025-06-22 01:25:25,100.48563857046017,9067
2025-06-22 01:25:30,100.49231006555182,7277
2025-06-22 01:25:35,100.49289169985384,5324
2025-06-22 01:25:40,100.49472751793671,9310
2025-06-22 01:25:45,100.50410909581701,8081
2025-06-22 01:25:50,100.48847115493975,3371
2025-06-22 01:25:55,100.48453682633311,6016
2025-06-22 01:26:00,100.45903093932127,7302
2025-06-22 01:26:05,100.46513357389186,7382
2025-06-22 01:26:10,100.47502721570292,7539
2025-06-22 01:26:15,100.46764169931704,7452
2025-06-22 01:26:20,100.49170459613484,7392
2025-06-22 01:26:25,100.47296579425408,5796
2025-06-22 01:26:30,100.45058373914662,3441
2025-06-22 01:26:35,100.45401469181887,2017
2025-06-22 01:26:40,100.47001997091547,5501
2025-06-22 01:26:45,100.49576441388706,4047
2025-06-22 01:26:50,100.4887489258261,6794
2025-06-22 01:26:55,100.505242678608,5250
2025-06-22 01:27:00,100.50465441409683,6947
2025-06-22 01:27:05,100.50201533519306,9385
2025-06-22 01:27:10,100.51552877626851,8391
2025-06-22 01:27:15,100.52550579468935,3446
2025-06-22 01:27:20,100.50139918692955,8123
2025-06-22 01:27:25,100.52397978942628,2399
2025-06-22 01:27:30,100.5450900309729,7295
2025-06-22 01:27:35,100.53552155507619,4687
2025-06-22 01:27:40,100.54157652708605,8864
2025-06-22 01:27:45,100.54913453012819,7127
2025-06-22 01:27:50,100.55312299497253,1552
2025-06-22 01:27:55,100.54470499205507,6543
2025-06-22 01:28:00,100.53443201435965,9921
2025-06-22 01:28:05,100.53404172627162,3560
2025-06-22 01:28:10,100.55198169878044,6108
2025-06-22 01:28:15,100.56029888987953,5266
2025-06-22 01:28:20,100.55462932048982,5945
2025-06-22 01:28:25,100.5664367367138,9985
2025-06-22 01:28:30,100.5228620767637,6684
2025-06-22 01:28:35,100.54043349297788,9316
2025-06-22 01:28:40,100.51382564724804,9366
2025-06-22 01:28:45,100.50828368418381,3551
2025-06-22 01:28:50,100.49116390174731,4848
2025-06-22 01:28:55,100.47137173203751,4456
2025-06-22 01:29:00,100.4891185487052,3758
2025-06-22 01:29:05,100.48196873250807,4755
2025-06-22 01:29:10,100.48726675119754,4642
2025-06-22 01:29:15,100.4865499829334,9119
2025-06-22 01:29:20,100.49384408775553,2660
2025-06-22 01:29:25,100.49501925612793,9229
2025-06-22 01:29:30,100.47540501871919,6586
2025-06-22 01:29:35,100.49063653206387,4576
2025-06-22 01:29:40,100.48308827200323,7458
2025-06-22 01:29:45,100.45929462357068,7125
2025-06-22 01:29:50,100.4527519367977,3923
2025-06-22 01:29:55,100.4756918484949,3708
2025-06-22 01:30:00,100.48869051669507,5171
2025-06-22 01:30:05,100.48336074332862,9422
2025-06-22 01:30:10,100.47802199515002,3750
2025-06-22 01:30:15,100.47310578331812,8476
2025-06-22 01:30:20,100.50485758108972,8931
2025-06-22 01:30:25,100.51069863238018,3804
2025-06-22 01:30:30,100.5172757188969,6444
2025-06-22 01:30:35,100.53303388357324,1841
2025-06-22 01:30:40,100.53668695853703,6575
2025-06-22 01:30:45,100.53272526575519,8510
2025-06-22 01:30:50,100.52972261010073,7405
2025-06-22 01:30:55,100.5286280486745,4534
2025-06-22 01:31:00,100.528059320035,8857
2025-06-22 01:31:05,100.53918950783131,1607
2025-06-22 01:31:10,100.53998468566839,8394
2025-06-22 01:31:15,100.55119284680958,5618
2025-06-22 01:31:20,100.54995860362105,4960
2025-06-22 01:31:25,100.55116216871588,5257
2025-06-22 01:31:30,100.52059817905361,6612
2025-06-22 01:31:35,100.53461379847697,1201
2025-06-22 01:31:40,100.53991435727573,7559
2025-06-22 01:31:45,100.55518232044606,6131
2025-06-22 01:31:50,100.51088289917614,2364
2025-06-22 01:31:55,100.5428244903815,1751
2025-06-22 01:32:00,100.54068977788513,8545
2025-06-22 01:32:05,100.55764341639343,6344
2025-06-22 01:32:10,100.54173536346599,2205
2025-06-22 01:32:15,100.55110994669464,4887
2025-06-22 01:32:20,100.53499628492696,2330
2025-06-22 01:32:25,100.52545620390723,9622
2025-06-22 01:32:30,100.55473512678515,8519
2025-06-22 01:32:35,100.55181851701445,5683
2025-06-22 01:32:40,100.55514554467437,3274
2025-06-22 01:32:45,100.5684581549854,8523
2025-06-22 01:32:50,100.57604345339433,4365
2025-06-22 01:32:55,100.57834579559189,2263
2025-06-22 01:33:00,100.58393135139075,5236
2025-06-22 01:33:05,100.62071898787379,5299
2025-06-22 01:33:10,100.61983749046725,4733
2025-06-22 01:33:15,100.62291670913352,2665
2025-06-22 01:33:20,100.63900334924043,1860
2025-06-22 01:33:25,100.65593287748348,1844
2025-06-22 01:33:30,100.6741136547597,1136
2025-06-22 01:33:35,100.68389819383755,6747
2025-06-22 01:33:40,100.66639110109715,7494
2025-06-22 01:33:45,100.69141227270504,6786
2025-06-22 01:33:50,100.67385270712387,9760
2025-06-22 01:33:55,100.67848887567169,7200
2025-06-22 01:34:00,100.66693631657537,9325
2025-06-22 01:34:05,100.66595456186802,3061
2025-06-22 01:34:10,100.6709905419569,5378
2025-06-22 01:34:15,100.67591334593571,4730
2025-06-22 01:34:20,100.68237684491262,9318
2025-06-22 01:34:25,100.70709983361742,7122
2025-06-22 01:34:30,100.71404975290996,2795
2025-06-22 01:34:35,100.71030915531922,5313
2025-06-22 01:34:40,100.72508312982713,9187
2025-06-22 01:34:45,100.74331379939471,5840
2025-06-22 01:34:50,100.7244998491461,4726
2025-06-22 01:34:55,100.73365585167542,1259
2025-06-22 01:35:00,100.74440327789233,2241
2025-06-22 01:35:05,100.73984297833593,2843
2025-06-22 01:35:10,100.76093133530011,6777
2025-06-22 01:35:15,100.75863154936262,3280
2025-06-22 01:35:20,100.7605572300538,8796
2025-06-22 01:35:25,100.75790461710189,5567
2025-06-22 01:35:30,100.7581440245803,9572
2025-06-22 01:35:35,100.74134026167654,2255
2025-06-22 01:35:40,100.71927116062216,7462
2025-06-22 01:35:45,100.74370882212321,2658
2025-06-22 01:35:50,100.73072829979166,3648
2025-06-22 01:35:55,100.71553625440586,4371
2025-06-22 01:36:00,100.68254502502121,4429
2025-06-22 01:36:05,100.67275823639028,5860
2025-06-22 01:36:10,100.65249526095357,8620
2025-06-22 01:36:15,100.6776444593034,3932
2025-06-22 01:36:20,100.69311422053094,6086
2025-06-22 01:36:25,100.68257291278594,7649
2025-06-22 01:36:30,100.71708304372875,9119
2025-06-22 01:36:35,100.73212894782574,5983
2025-06-22 01:36:40,100.72715131871281,3521
2025-06-22 01:36:45,100.68885542082998,3702
2025-06-22 01:36:50,100.72395780664628,1018
2025-06-22 01:36:55,100.70266591169012,3569
2025-06-22 01:37:00,100.6774597998484,1783
2025-06-22 01:37:05,100.69312491335316,1414
2025-06-22 01:37:10,100.73050937055298,9555
2025-06-22 01:37:15,100.75172708090928,2103
2025-06-22 01:37:20,100.7603721340855,5891
2025-06-22 01:37:25,100.76949083422996,6309
2025-06-22 01:37:30,100.78257648421275,2171
2025-06-22 01:37:35,100.79421483217241,9634
2025-06-22 01:37:40,100.79852767704419,7408
2025-06-22 01:37:45,100.80012630196812,5745
2025-06-22 01:37:50,100.79916694595804,5561
2025-06-22 01:37:55,100.78760531239581,9172
2025-06-22 01:38:00,100.78330201883685,7636
2025-06-22 01:38:05,100.75734666804595,3589
2025-06-22 01:38:10,100.75583974128317,6722
2025-06-22 01:38:15,100.74068684384305,1722
2025-06-22 01:38:20,100.72377390436368,1841
2025-06-22 01:38:25,100.72653133705657,3347
2025-06-22 01:38:30,100.7478666890168,1645
2025-06-22 01:38:35,100.76194448775243,9215
2025-06-22 01:38:40,100.73787147909907,4272
2025-06-22 01:38:45,100.72270539201719,1006
2025-06-22 01:38:50,100.73712382816481,4701
2025-06-22 01:38:55,100.72206728100294,6630
2025-06-22 01:39:00,100.71862556016804,3556
2025-06-22 01:39:05,100.7270554121312,3954
2025-06-22 01:39:10,100.71221708009294,8387
2025-06-22 01:39:15,100.71383233167087,7788
2025-06-22 01:39:20,100.69339355380143,5661
2025-06-22 01:39:25,100.6841815984271,4801
2025-06-22 01:39:30,100.68908091514987,6633
2025-06-22 01:39:35,100.66468081696547,8413
2025-06-22 01:39:40,100.67142777964652,2163
2025-06-22 01:39:45,100.6711275769983,2281
2025-06-22 01:39:50,100.6795907963676,9187
2025-06-22 01:39:55,100.68302133443476,1302
2025-06-22 01:40:00,100.70392058083823,9947
2025-06-22 01:40:05,100.70583982334585,5259
2025-06-22 01:40:10,100.69926130984791,6763
2025-06-22 01:40:15,100.70113561843105,9180
2025-06-22 01:40:20,100.70946051754112,8575
2025-06-22 01:40:25,100.71020975943804,6978
2025-06-22 01:40:30,100.71083231322451,7090
2025-06-22 01:40:35,100.7000770867845,9154
2025-06-22 01:40:40,100.689921857568,9183
2025-06-22 01:40:45,100.66843754398082,6680
2025-06-22 01:40:50,100.69523858714436,7511
2025-06-22 01:40:55,100.67618462402702,4362
2025-06-22 01:41:00,100.6655722643001,3012
2025-06-22 01:41:05,100.65457048112408,2100
2025-06-22 01:41:10,100.66827696282729,6104
2025-06-22 01:41:15,100.66376014124592,6615
2025-06-22 01:41:20,100.68287233582434,5502
2025-06-22 01:41:25,100.6725566406512,8623
2025-06-22 01:41:30,100.67683062339263,5587
2025-06-22 01:41:35,100.66403659722134,7037
2025-06-22 01:41:40,100.69689667084477,2155
2025-06-22 01:41:45,100.67870424220187,1996
2025-06-22 01:41:50,100.68345070127896,6209
2025-06-22 01:41:55,100.6931602627288,3545
2025-06-22 01:42:00,100.69950043747382,4700
2025-06-22 01:42:05,100.69666227891614,7765
2025-06-22 01:42:10,100.69467396204742,5984
2025-06-22 01:42:15,100.69534574782148,1353
2025-06-22 01:42:20,100.6930942396364,3318
2025-06-22 01:42:25,100.70786250094571,9930
2025-06-22 01:42:30,100.74173888519817,3519
2025-06-22 01:42:35,100.73319494907481,6427
2025-06-22 01:42:40,100.71220402639537,5603
2025-06-22 01:42:45,100.71085188360492,9246
2025-06-22 01:42:50,100.7503882549701,3084
2025-06-22 01:42:55,100.73807031805715,1899
2025-06-22 01:43:00,100.76319646471241,9715
2025-06-22 01:43:05,100.7889205448611,1462
2025-06-22 01:43:10,100.78043246125259,2501
2025-06-22 01:43:15,100.78915778452102,1715
2025-06-22 01:43:20,100.81413224305813,6330
2025-06-22 01:43:25,100.80831778812603,8174
2025-06-22 01:43:30,100.80519600665836,4611
2025-06-22 01:43:35,100.79627573165789,1211
2025-06-22 01:43:40,100.78071554686763,8356
2025-06-22 01:43:45,100.77076105593638,1753
2025-06-22 01:43:50,100.75199819944608,4750
2025-06-22 01:43:55,100.7525212469028,4222
2025-06-22 01:44:00,100.74071959543029,1435
2025-06-22 01:44:05,100.7443035284921,9970
2025-06-22 01:44:10,100.7204585424495,5929
2025-06-22 01:44:15,100.7255297045963,2960
2025-06-22 01:44:20,100.7383048466539,5272
2025-06-22 01:44:25,100.70775238647751,6813
2025-06-22 01:44:30,100.71348450069816,2724
2025-06-22 01:44:35,100.732298496914,9377
2025-06-22 01:44:40,100.71376191062626,2494
2025-06-22 01:44:45,100.73939476701763,2979
2025-06-22 01:44:50,100.74581786364767,6428
2025-06-22 01:44:55,100.73501261284684,5053
2025-06-22 01:45:00,100.73415846335136,9437
2025-06-22 01:45:05,100.74271644763078,8160
2025-06-22 01:45:10,100.74388201124297,9575
2025-06-22 01:45:15,100.75214081949412,8209
2025-06-22 01:45:20,100.73802943132934,1284
2025-06-22 01:45:25,100.74062580776328,6083
2025-06-22 01:45:30,100.71896043860256,4994
2025-06-22 01:45:35,100.71725661863304,9491
2025-06-22 01:45:40,100.70340699615888,1900
2025-06-22 01:45:45,100.6921387613195,2459
2025-06-22 01:45:50,100.71107785116266,3921
2025-06-22 01:45:55,100.72780164273246,3533
2025-06-22 01:46:00,100.73713785044387,7579
2025-06-22 01:46:05,100.72039830989328,1805
2025-06-22 01:46:10,100.71555032820226,8595
2025-06-22 01:46:15,100.73414138737064,3228
2025-06-22 01:46:20,100.73631397714867,2921
2025-06-22 01:46:25,100.77186813474553,5972
2025-06-22 01:46:30,100.77789922841731,3387
2025-06-22 01:46:35,100.78084451862179,2996
2025-06-22 01:46:40,100.77610543247613,5825
2025-06-22 01:46:45,100.77815356524847,6282
2025-06-22 01:46:50,100.77581636961673,3503
2025-06-22 01:46:55,100.78667465098123,1104
2025-06-22 01:47:00,100.80134657076506,7862
2025-06-22 01:47:05,100.78929359732155,9630
2025-06-22 01:47:10,100.76888231923921,2521
2025-06-22 01:47:15,100.74073505669396,2351
2025-06-22 01:47:20,100.74852203277622,3698
2025-06-22 01:47:25,100.73161119110996,4612
2025-06-22 01:47:30,100.6986223491431,1508
2025-06-22 01:47:35,100.70457644590483,6310
2025-06-22 01:47:40,100.74278129790596,7190
2025-06-22 01:47:45,100.74268882889575,2274
2025-06-22 01:47:50,100.75554220918642,3822
2025-06-22 01:47:55,100.75679720057673,1063
2025-06-22 01:48:00,100.7552818504414,4921
2025-06-22 01:48:05,100.7693723354274,1859
2025-06-22 01:48:10,100.7649226518248,2547
2025-06-22 01:48:15,100.76902268179315,3076
2025-06-22 01:48:20,100.77395550156515,1436
2025-06-22 01:48:25,100.76371326267636,7085
2025-06-22 01:48:30,100.77892370802614,4657
2025-06-22 01:48:35,100.7762416646115,1762
2025-06-22 01:48:40,100.76465536289984,1735
2025-06-22 01:48:45,100.77288143591647,8214
2025-06-22 01:48:50,100.75910755448062,8584
2025-06-22 01:48:55,100.7595401559309,5094
2025-06-22 01:49:00,100.75940094421613,7594
2025-06-22 01:49:05,100.7760497410097,5728
2025-06-22 01:49:10,100.78332893936918,4729
2025-06-22 01:49:15,100.78294576757753,8241
2025-06-22 01:49:20,100.79548646247765,2076
2025-06-22 01:49:25,100.81680889104062,2830
2025-06-22 01:49:30,100.82536597219459,1673
2025-06-22 01:49:35,100.82552536593036,1548
2025-06-22 01:49:40,100.80540423851353,1895
2025-06-22 01:49:45,100.78907043973295,3569
2025-06-22 01:49:50,100.78439064244445,1913
2025-06-22 01:49:55,100.77504548619727,2176
2025-06-22 01:50:00,100.77217938481223,8273
2025-06-22 01:50:05,100.77304852831537,7696
2025-06-22 01:50:10,100.78117075753673,5865
2025-06-22 01:50:15,100.78009036292696,5306
2025-06-22 01:50:20,100.78755085047132,4273
2025-06-22 01:50:25,100.78854011102642,7576
2025-06-22 01:50:30,100.75825247758179,2522
2025-06-22 01:50:35,100.74385419072601,7425
2025-06-22 01:50:40,100.74164626864369,8477
2025-06-22 01:50:45,100.7231071388974,3802
2025-06-22 01:50:50,100.73230176889248,4122
2025-06-22 01:50:55,100.75576526671023,3456
2025-06-22 01:51:00,100.77445059383182,2649
2025-06-22 01:51:05,100.77117865053008,3320
2025-06-22 01:51:10,100.79403741035054,2143
2025-06-22 01:51:15,100.79631788313543,9237
2025-06-22 01:51:20,100.79114915929065,4314
2025-06-22 01:51:25,100.78174372213681,5406
2025-06-22 01:51:30,100.77710650702663,3609
2025-06-22 01:51:35,100.77115544842148,8591
2025-06-22 01:51:40,100.77376886025044,4119
2025-06-22 01:51:45,100.77623143244266,2400
2025-06-22 01:51:50,100.77627871910487,9199
2025-06-22 01:51:55,100.78297893305296,4597
2025-06-22 01:52:00,100.8012381137772,6489
2025-06-22 01:52:05,100.815802510212,4511
2025-06-22 01:52:10,100.79302935685831,4828
2025-06-22 01:52:15,100.7538727305328,1565
2025-06-22 01:52:20,100.76819672117196,8651
2025-06-22 01:52:25,100.74724332874577,3771
2025-06-22 01:52:30,100.74379872051851,7777
2025-06-22 01:52:35,100.72586578076509,1113
2025-06-22 01:52:40,100.69825488418203,1531
2025-06-22 01:52:45,100.70655142463494,4410
2025-06-22 01:52:50,100.71818446515636,6839
2025-06-22 01:52:55,100.70935111467374,9224
2025-06-22 01:53:00,100.66965843200157,9324
2025-06-22 01:53:05,100.66129286329695,2726
2025-06-22 01:53:10,100.66729415320512,6070
2025-06-22 01:53:15,100.64464621348895,9217
2025-06-22 01:53:20,100.64745455134667,3648
2025-06-22 01:53:25,100.64722069400314,3065
2025-06-22 01:53:30,100.6560923506206,1933
2025-06-22 01:53:35,100.65792424382234,2050
2025-06-22 01:53:40,100.64302375265191,7030
2025-06-22 01:53:45,100.66134832285714,8116
2025-06-22 01:53:50,100.65892103261473,6043
2025-06-22 01:53:55,100.65850345333364,9929
2025-06-22 01:54:00,100.64421232827593,7467
2025-06-22 01:54:05,100.63742536711143,4602
2025-06-22 01:54:10,100.62387920745951,7878
2025-06-22 01:54:15,100.62123211801108,1792
2025-06-22 01:54:20,100.64744071447714,6963
2025-06-22 01:54:25,100.6264355388658,2385
2025-06-22 01:54:30,100.6017358110715,2060
2025-06-22 01:54:35,100.62425674479714,8923
2025-06-22 01:54:40,100.62105273872803,5138
2025-06-22 01:54:45,100.61081100395238,2149
2025-06-22 01:54:50,100.62673113194207,8693
2025-06-22 01:54:55,100.61746024643304,8492
2025-06-22 01:55:00,100.64541810718018,7327
2025-06-22 01:55:05,100.65580010917196,4353
2025-06-22 01:55:10,100.64832895103858,6969
2025-06-22 01:55:15,100.68137015208653,5628
2025-06-22 01:55:20,100.67209271037521,4448
2025-06-22 01:55:25,100.68346043970678,6327
2025-06-22 01:55:30,100.68804584037507,6049
2025-06-22 01:55:35,100.70799003104571,1068
2025-06-22 01:55:40,100.731919294298,4508
2025-06-22 01:55:45,100.73241036997315,1300
2025-06-22 01:55:50,100.72086477138873,7797
2025-06-22 01:55:55,100.72791430218822,3600
2025-06-22 01:56:00,100.71752925345052,3153
2025-06-22 01:56:05,100.74838707257108,5905
2025-06-22 01:56:10,100.75048054265109,5018
2025-06-22 01:56:15,100.74488137775184,4082
2025-06-22 01:56:20,100.74771275176222,8074
2025-06-22 01:56:25,100.72706632658219,2239
2025-06-22 01:56:30,100.71217789351878,1459
2025-06-22 01:56:35,100.73057394238721,8982
2025-06-22 01:56:40,100.72050768418782,3626
2025-06-22 01:56:45,100.70446653700901,4763
2025-06-22 01:56:50,100.71268988620747,8020
2025-06-22 01:56:55,100.73086059089599,3801
2025-06-22 01:57:00,100.74188024820097,1463
2025-06-22 01:57:05,100.75714879845472,1997
2025-06-22 01:57:10,100.7455485986021,6641
2025-06-22 01:57:15,100.72375809984364,7384
2025-06-22 01:57:20,100.74676869613664,2678
2025-06-22 01:57:25,100.74182332114565,1864
2025-06-22 01:57:30,100.73797936444257,8736
2025-06-22 01:57:35,100.75833896448115,3697
2025-06-22 01:57:40,100.76686685501589,3926
2025-06-22 01:57:45,100.77385698290541,8542
2025-06-22 01:57:50,100.80705739993145,5429
2025-06-22 01:57:55,100.79718863079792,8410
2025-06-22 01:58:00,100.81141939281574,8218
2025-06-22 01:58:05,100.81229444555605,8025
2025-06-22 01:58:10,100.81641480897127,3397
2025-06-22 01:58:15,100.83986288182022,3221
2025-06-22 01:58:20,100.84765513321007,6814
2025-06-22 01:58:25,100.85591539135007,7504
2025-06-22 01:58:30,100.87237466292659,8522
2025-06-22 01:58:35,100.86677438389663,6785
2025-06-22 01:58:40,100.85389695000923,7219
2025-06-22 01:58:45,100.83786680434883,4998
2025-06-22 01:58:50,100.80770407119968,3803
2025-06-22 01:58:55,100.83924646724385,5547
2025-06-22 01:59:00,100.82232282464878,7510
2025-06-22 01:59:05,100.81892951695399,4661
2025-06-22 01:59:10,100.8146841196727,1051
2025-06-22 01:59:15,100.81939996048362,7058
2025-06-22 01:59:20,100.83191406307753,4515
2025-06-22 01:59:25,100.8451161096014,4330
2025-06-22 01:59:30,100.83617087694915,8491
2025-06-22 01:59:35,100.83360755605513,2674
2025-06-22 01:59:40,100.8379433892649,7028
2025-06-22 01:59:45,100.83412862459689,2361
2025-06-22 01:59:50,100.858791193871,9978
2025-06-22 01:59:55,100.86632615623522,1555
2025-06-22 02:00:00,100.87760504224181,8792
2025-06-22 02:00:05,100.8877800666006,3112
2025-06-22 02:00:10,100.90579459756475,3210
2025-06-22 02:00:15,100.90857432209538,2701
2025-06-22 02:00:20,100.88866693244044,3712
2025-06-22 02:00:25,100.89480280175357,7463
2025-06-22 02:00:30,100.88480512578647,3316
2025-06-22 02:00:35,100.8766922273964,7469
2025-06-22 02:00:40,100.8856926689699,2610
2025-06-22 02:00:45,100.90470178382067,5352
2025-06-22 02:00:50,100.90502893297122,7343
2025-06-22 02:00:55,100.90977089798307,5705
2025-06-22 02:01:00,100.93590885805538,6491
2025-06-22 02:01:05,100.93960673469657,9355
2025-06-22 02:01:10,100.97957050376546,5710
2025-06-22 02:01:15,100.98825969903397,3025
2025-06-22 02:01:20,100.96121000806936,1105
2025-06-22 02:01:25,100.97278315463278,5459
2025-06-22 02:01:30,100.97863946199706,4092
2025-06-22 02:01:35,100.99845699206367,1698
2025-06-22 02:01:40,101.0088024977044,9938
2025-06-22 02:01:45,101.00667531309719,7071
2025-06-22 02:01:50,100.98786303078013,6739
2025-06-22 02:01:55,100.9846520627666,4491
2025-06-22 02:02:00,100.97158581942595,4297
2025-06-22 02:02:05,100.96266860033562,3977
2025-06-22 02:02:10,100.97171073108768,1208
2025-06-22 02:02:15,100.99736824315265,4316
2025-06-22 02:02:20,101.00343363518272,6407
2025-06-22 02:02:25,100.98505853742212,8233
2025-06-22 02:02:30,100.99189040053157,2891
2025-06-22 02:02:35,101.01027941246545,4506
2025-06-22 02:02:40,101.00090915102749,3039
2025-06-22 02:02:45,100.99885034164923,4289
2025-06-22 02:02:50,100.99907663232146,7645
2025-06-22 02:02:55,100.98701678112305,5761
2025-06-22 02:03:00,100.99697848169112,2617
2025-06-22 02:03:05,100.99512056969957,9186
2025-06-22 02:03:10,101.00156786118355,1434
2025-06-22 02:03:15,100.98793136349411,2646
2025-06-22 02:03:20,100.9812107015606,7667
2025-06-22 02:03:25,100.99231042003805,6258
2025-06-22 02:03:30,100.98658240259506,8190
2025-06-22 02:03:35,101.01312061535775,2440
2025-06-22 02:03:40,101.0069795151931,7095
2025-06-22 02:03:45,101.01043305128738,7875
2025-06-22 02:03:50,101.0247669399352,5443
2025-06-22 02:03:55,101.00296898703633,5860
2025-06-22 02:04:00,100.97591464868164,8713
2025-06-22 02:04:05,100.95247930087119,1380
2025-06-22 02:04:10,100.97187432084627,8173
2025-06-22 02:04:15,100.96339740567996,2637
2025-06-22 02:04:20,101.00270237256969,8543
2025-06-22 02:04:25,100.99403249584192,1524
2025-06-22 02:04:30,100.99686888981513,4107
2025-06-22 02:04:35,101.02056860019168,9142
2025-06-22 02:04:40,101.05140711739574,2093
2025-06-22 02:04:45,101.08310722295062,1104
2025-06-22 02:04:50,101.10169334924105,2739
2025-06-22 02:04:55,101.11744742738395,4126
2025-06-22 02:05:00,101.12656417195925,2676
2025-06-22 02:05:05,101.13854126512221,8904
2025-06-22 02:05:10,101.13006070402979,9027
2025-06-22 02:05:15,101.11747289756485,5916
2025-06-22 02:05:20,101.11742156829511,3934
2025-06-22 02:05:25,101.11480397763644,6156
2025-06-22 02:05:30,101.10783228504374,2042
2025-06-22 02:05:35,101.11854601237327,2845
2025-06-22 02:05:40,101.13324474678686,4501
2025-06-22 02:05:45,101.1346056520575,2541
2025-06-22 02:05:50,101.1573437556136,1466
2025-06-22 02:05:55,101.13977458673914,3944
2025-06-22 02:06:00,101.1367951983654,5294
2025-06-22 02:06:05,101.12576630067066,2591
2025-06-22 02:06:10,101.09705281264277,5072
2025-06-22 02:06:15,101.09578165877328,4572
2025-06-22 02:06:20,101.09390963431397,6978
2025-06-22 02:06:25,101.11719119237964,1293
2025-06-22 02:06:30,101.12689695982726,6858
2025-06-22 02:06:35,101.11114066756194,2338
2025-06-22 02:06:40,101.1396678392897,6209
2025-06-22 02:06:45,101.15845932721143,4475
2025-06-22 02:06:50,101.1674192409565,3498
2025-06-22 02:06:55,101.16393381316104,6728
2025-06-22 02:07:00,101.1491681690482,8317
2025-06-22 02:07:05,101.14344089402466,3493
2025-06-22 02:07:10,101.16019705840172,4088
2025-06-22 02:07:15,101.18920753442434,7281
2025-06-22 02:07:20,101.21296983458018,7795
2025-06-22 02:07:25,101.2054428771691,6627
2025-06-22 02:07:30,101.18820515383284,4990
2025-06-22 02:07:35,101.19037474802457,4751
2025-06-22 02:07:40,101.1631527661427,8241
2025-06-22 02:07:45,101.16812750444579,3097
2025-06-22 02:07:50,101.16585618091074,4174
2025-06-22 02:07:55,101.15868383578625,1387
2025-06-22 02:08:00,101.13414363655696,1298
2025-06-22 02:08:05,101.14204733141098,5434
2025-06-22 02:08:10,101.13385090319859,5061
2025-06-22 02:08:15,101.11585155030063,1473
2025-06-22 02:08:20,101.07167408290928,6057
2025-06-22 02:08:25,101.07125155644319,6289
2025-06-22 02:08:30,101.0985086171403,5108
2025-06-22 02:08:35,101.12406533679203,9640
2025-06-22 02:08:40,101.11703349532112,3221
2025-06-22 02:08:45,101.10776979345464,6251
2025-06-22 02:08:50,101.11498181701256,4611
2025-06-22 02:08:55,101.09962425264264,3642
2025-06-22 02:09:00,101.10426705238575,2920
2025-06-22 02:09:05,101.11605257288376,8075
2025-06-22 02:09:10,101.13493045027124,6994
2025-06-22 02:09:15,101.13338995750583,3316
2025-06-22 02:09:20,101.13025667242172,2274
2025-06-22 02:09:25,101.11674909957387,5983
2025-06-22 02:09:30,101.10402940731618,8834
2025-06-22 02:09:35,101.10054624352524,4618
2025-06-22 02:09:40,101.10619778744709,1259
2025-06-22 02:09:45,101.12025285552244,4206
2025-06-22 02:09:50,101.10789732236807,6178
2025-06-22 02:09:55,101.13086265796552,6358
2025-06-22 02:10:00,101.12669166675681,5507
2025-06-22 02:10:05,101.12636349668635,7458
2025-06-22 02:10:10,101.11486822141683,8541
2025-06-22 02:10:15,101.07758083838483,4508
2025-06-22 02:10:20,101.09117759821748,8305
2025-06-22 02:10:25,101.10251187036368,5994
2025-06-22 02:10:30,101.09818509515813,9423
2025-06-22 02:10:35,101.09921610982518,7754
2025-06-22 02:10:40,101.10715305752643,9921
2025-06-22 02:10:45,101.0831199136055,6516
2025-06-22 02:10:50,101.074984362476,6868
2025-06-22 02:10:55,101.08719994267351,6799
2025-06-22 02:11:00,101.06791148748815,3929
2025-06-22 02:11:05,101.0724262114869,9509
2025-06-22 02:11:10,101.05156786816225,2530
2025-06-22 02:11:15,101.05873983821866,8913
2025-06-22 02:11:20,101.05819241544151,1715
2025-06-22 02:11:25,101.0333625687082,8527
2025-06-22 02:11:30,101.05126880653195,4312
2025-06-22 02:11:35,101.03997607285658,8223
2025-06-22 02:11:40,101.02752162290278,6192
2025-06-22 02:11:45,101.03060517323834,8027
2025-06-22 02:11:50,101.04826336977854,1201
2025-06-22 02:11:55,101.03264791285523,3140
2025-06-22 02:12:00,101.03359662168761,4671
2025-06-22 02:12:05,101.04018909100415,9610
2025-06-22 02:12:10,101.05084519430746,8370
2025-06-22 02:12:15,101.05355849794742,3598
2025-06-22 02:12:20,101.04791625723256,9817
2025-06-22 02:12:25,101.03519431152445,2944
2025-06-22 02:12:30,101.03651910999123,3929
2025-06-22 02:12:35,101.02003988535185,4383
2025-06-22 02:12:40,100.97515013801757,4540
2025-06-22 02:12:45,100.98185776096395,1393
2025-06-22 02:12:50,100.99574726533005,8010
2025-06-22 02:12:55,100.95944552351885,7777
2025-06-22 02:13:00,100.94393734011676,9823
2025-06-22 02:13:05,100.95344742447156,1321
2025-06-22 02:13:10,100.985055217676,5669
2025-06-22 02:13:15,100.98537528515656,2693
2025-06-22 02:13:20,100.97419113465267,2063
2025-06-22 02:13:25,100.97138196870657,8921
2025-06-22 02:13:30,100.99250603540446,4111
2025-06-22 02:13:35,100.98258153170512,4261
2025-06-22 02:13:40,100.97030406811652,4086
2025-06-22 02:13:45,100.96288894992436,4811
2025-06-22 02:13:50,100.94824650163045,4351
2025-06-22 02:13:55,100.95013117061968,8080
2025-06-22 02:14:00,100.97508839491522,5143
2025-06-22 02:14:05,100.98005252630252,7332
2025-06-22 02:14:10,100.97617612032491,7447
2025-06-22 02:14:15,100.97169369715421,8863
2025-06-22 02:14:20,100.94768284626552,4176
2025-06-22 02:14:25,100.961247760645,3416
2025-06-22 02:14:30,100.9600527131179,8668
2025-06-22 02:14:35,100.95728105875688,9651
2025-06-22 02:14:40,101.00634020588005,3311
2025-06-22 02:14:45,101.01093201752255,2229
2025-06-22 02:14:50,100.99937949439347,2530
2025-06-22 02:14:55,100.99282863909364,3797
2025-06-22 02:15:00,101.01047728785008,2363
2025-06-22 02:15:05,101.01221865593163,5502
2025-06-22 02:15:10,100.99011745531479,1452
2025-06-22 02:15:15,101.00424312450127,4904
2025-06-22 02:15:20,100.99397665605785,6996
2025-06-22 02:15:25,101.02276595754182,1577
2025-06-22 02:15:30,101.0393683793608,4919
2025-06-22 02:15:35,101.03249267493945,8317
2025-06-22 02:15:40,101.05218645531893,4264
2025-06-22 02:15:45,101.05323029687293,2931
2025-06-22 02:15:50,101.0663429223971,5242
2025-06-22 02:15:55,101.07379739965177,9181
2025-06-22 02:16:00,101.06078364411377,1182
2025-06-22 02:16:05,101.05088954992857,9427
2025-06-22 02:16:10,101.06672640850364,1637
2025-06-22 02:16:15,101.06157934685605,4005
2025-06-22 02:16:20,101.05537361150894,4472
2025-06-22 02:16:25,101.04069017189245,1524
2025-06-22 02:16:30,101.0472028920142,6659
2025-06-22 02:16:35,101.07891738557913,3370
2025-06-22 02:16:40,101.0625020698274,2635
2025-06-22 02:16:45,101.06287505785193,5432
2025-06-22 02:16:50,101.08459259934715,8467
2025-06-22 02:16:55,101.08336834449591,5214
2025-06-22 02:17:00,101.09032635073399,1579
2025-06-22 02:17:05,101.07398821518021,8850
2025-06-22 02:17:10,101.08057548598899,4941
2025-06-22 02:17:15,101.07769803525828,9387
2025-06-22 02:17:20,101.09285878808966,9524
2025-06-22 02:17:25,101.11112395688028,4091
2025-06-22 02:17:30,101.15096911827727,5718
2025-06-22 02:17:35,101.15989043703094,9849
2025-06-22 02:17:40,101.1649054736911,9895
2025-06-22 02:17:45,101.1678980180109,6552
2025-06-22 02:17:50,101.16246274132595,5978
2025-06-22 02:17:55,101.16767319390769,2252
2025-06-22 02:18:00,101.16312701240926,9715
2025-06-22 02:18:05,101.16572049477152,3422
2025-06-22 02:18:10,101.18600340875959,9227
2025-06-22 02:18:15,101.17050949799503,9967
2025-06-22 02:18:20,101.1880573030826,1027
2025-06-22 02:18:25,101.20833726620178,8539
2025-06-22 02:18:30,101.20651980675251,1085
2025-06-22 02:18:35,101.17385317057166,7909
2025-06-22 02:18:40,101.16449791696662,5281
2025-06-22 02:18:45,101.18446340797239,5653
2025-06-22 02:18:50,101.1841119465911,9033
2025-06-22 02:18:55,101.16872977100114,8664
2025-06-22 02:19:00,101.16096099156492,6066
2025-06-22 02:19:05,101.1739005134501,1256
2025-06-22 02:19:10,101.18231738378273,2447
2025-06-22 02:19:15,101.17863982001077,6700
2025-06-22 02:19:20,101.17299372683715,5599
2025-06-22 02:19:25,101.16696416634075,4343
2025-06-22 02:19:30,101.15276795186168,1693
2025-06-22 02:19:35,101.17763206867954,9674
2025-06-22 02:19:40,101.17267107557171,4665
2025-06-22 02:19:45,101.19140903404433,3674
2025-06-22 02:19:50,101.21483418180708,1350
2025-06-22 02:19:55,101.23020927075912,9840
2025-06-22 02:20:00,101.22356239434193,8044
2025-06-22 02:20:05,101.22978088686762,9419
2025-06-22 02:20:10,101.22940882181987,3063
2025-06-22 02:20:15,101.2154919422437,6929
2025-06-22 02:20:20,101.22048760473139,9616
2025-06-22 02:20:25,101.20233236232072,8413
2025-06-22 02:20:30,101.22062182793859,2821
2025-06-22 02:20:35,101.21346745462537,5889
2025-06-22 02:20:40,101.21656577321053,2585
2025-06-22 02:20:45,101.220928975756,5659
2025-06-22 02:20:50,101.21694243251865,3280
2025-06-22 02:20:55,101.22597831096535,4749
2025-06-22 02:21:00,101.21866514971845,3538
2025-06-22 02:21:05,101.23208454189628,1443
2025-06-22 02:21:10,101.2113565098866,3067
2025-06-22 02:21:15,101.21330321040409,9302
2025-06-22 02:21:20,101.24316598883424,3534
2025-06-22 02:21:25,101.22775898637728,1088
2025-06-22 02:21:30,101.21732194780505,4390
2025-06-22 02:21:35,101.22523688262415,6237
2025-06-22 02:21:40,101.22800323255265,7577
2025-06-22 02:21:45,101.23340413939687,2941
2025-06-22 02:21:50,101.24093954997164,4310
2025-06-22 02:21:55,101.25071742489332,9263
2025-06-22 02:22:00,101.26781416498694,1821
2025-06-22 02:22:05,101.27412919087439,9072
2025-06-22 02:22:10,101.27041245841282,1815
2025-06-22 02:22:15,101.28077645757034,9595
2025-06-22 02:22:20,101.31005727707748,2698
2025-06-22 02:22:25,101.30801348938164,8362
2025-06-22 02:22:30,101.29299425884626,6691
2025-06-22 02:22:35,101.31005776611374,6729
2025-06-22 02:22:40,101.30820283405097,2953
2025-06-22 02:22:45,101.27472039904885,5963
2025-06-22 02:22:50,101.28777928833416,6986
2025-06-22 02:22:55,101.27953056489571,8752
2025-06-22 02:23:00,101.27813611606793,5991
2025-06-22 02:23:05,101.28325230890113,4801
2025-06-22 02:23:10,101.28618849119388,9447
2025-06-22 02:23:15,101.29712246386912,2931
2025-06-22 02:23:20,101.29041161462774,2111
2025-06-22 02:23:25,101.29831990361406,1872
2025-06-22 02:23:30,101.29432042278657,8954
2025-06-22 02:23:35,101.30570778245514,5587
2025-06-22 02:23:40,101.31519357803313,7479
2025-06-22 02:23:45,101.30077576210785,2561
2025-06-22 02:23:50,101.31751534615802,6526
2025-06-22 02:23:55,101.30925440935769,5457
2025-06-22 02:24:00,101.3217109317184,6560
2025-06-22 02:24:05,101.32737363333112,8881
2025-06-22 02:24:10,101.35571648453045,8715
2025-06-22 02:24:15,101.35227110962471,3684
2025-06-22 02:24:20,101.34688528449473,1746
2025-06-22 02:24:25,101.34658643203319,6243
2025-06-22 02:24:30,101.34191227837555,7826
2025-06-22 02:24:35,101.35424766447329,5085
2025-06-22 02:24:40,101.32932690423767,7117
2025-06-22 02:24:45,101.31308441712486,2006
2025-06-22 02:24:50,101.29662691112,9129
2025-06-22 02:24:55,101.31127449823488,5310
2025-06-22 02:25:00,101.33764594415474,3876
2025-06-22 02:25:05,101.33603614200925,3026
2025-06-22 02:25:10,101.33343390450277,6556
2025-06-22 02:25:15,101.33451451827356,5107
2025-06-22 02:25:20,101.35243001130691,6241
2025-06-22 02:25:25,101.33813156045646,6669
2025-06-22 02:25:30,101.3418074117458,6399
2025-06-22 02:25:35,101.35684535937821,9933
2025-06-22 02:25:40,101.36457359015907,4008
2025-06-22 02:25:45,101.36749797104233,8495
2025-06-22 02:25:50,101.38293844061619,4662
2025-06-22 02:25:55,101.34125045096746,6420
2025-06-22 02:26:00,101.35170345150094,3911
2025-06-22 02:26:05,101.34161858117089,7897
2025-06-22 02:26:10,101.31339723512168,6485
2025-06-22 02:26:15,101.32127797987732,6838
2025-06-22 02:26:20,101.34245646966572,1773
2025-06-22 02:26:25,101.34033779211265,3144
2025-06-22 02:26:30,101.35503128404142,6980
2025-06-22 02:26:35,101.37989734249912,7397
2025-06-22 02:26:40,101.40018180384325,9141
2025-06-22 02:26:45,101.425486176284,4237
2025-06-22 02:26:50,101.43693947328103,9195
2025-06-22 02:26:55,101.43810424481192,6582
2025-06-22 02:27:00,101.41338419969043,7288
2025-06-22 02:27:05,101.40958822291338,9356
2025-06-22 02:27:10,101.39657921150587,2897
2025-06-22 02:27:15,101.43007645962446,6433
2025-06-22 02:27:20,101.42736279639323,3567
2025-06-22 02:27:25,101.42926465856479,9130
2025-06-22 02:27:30,101.43777610906821,6717
2025-06-22 02:27:35,101.43844962648822,7752
2025-06-22 02:27:40,101.46461393480276,3559
2025-06-22 02:27:45,101.45500292145118,5637
2025-06-22 02:27:50,101.45800749177795,1612
2025-06-22 02:27:55,101.44654769460134,8746
2025-06-22 02:28:00,101.42617630694197,2884
2025-06-22 02:28:05,101.41673681765907,5024
2025-06-22 02:28:10,101.4161659259777,4134
2025-06-22 02:28:15,101.40954260516952,2622
2025-06-22 02:28:20,101.39886041176926,4282
2025-06-22 02:28:25,101.37716757419363,3610
2025-06-22 02:28:30,101.37588634488303,4069
2025-06-22 02:28:35,101.35268100661935,7486
2025-06-22 02:28:40,101.3644025765883,2255
2025-06-22 02:28:45,101.36567456550726,3660
2025-06-22 02:28:50,101.3431988532105,5452
2025-06-22 02:28:55,101.33843189517586,8102
2025-06-22 02:29:00,101.32683628373887,5176
2025-06-22 02:29:05,101.33175750746011,4686
2025-06-22 02:29:10,101.35242610821267,6237
2025-06-22 02:29:15,101.32351513339142,8661
2025-06-22 02:29:20,101.32528896373275,1790
2025-06-22 02:29:25,101.32282094868204,9416
2025-06-22 02:29:30,101.3331712920891,4034
2025-06-22 02:29:35,101.33645885909414,1225
2025-06-22 02:29:40,101.32486635736788,6348
2025-06-22 02:29:45,101.3199484997038,7466
2025-06-22 02:29:50,101.30767882038658,4179
2025-06-22 02:29:55,101.3242657708098,5223
2025-06-22 02:30:00,101.32459489800458,8520
2025-06-22 02:30:05,101.35390856725812,5066
2025-06-22 02:30:10,101.35297373765776,5362
2025-06-22 02:30:15,101.34205102267441,6023
2025-06-22 02:30:20,101.31871478519442,5309
2025-06-22 02:30:25,101.29092351236001,1246
2025-06-22 02:30:30,101.26651404272441,6737
2025-06-22 02:30:35,101.27063038868201,2618
2025-06-22 02:30:40,101.27846962973301,9612
2025-06-22 02:30:45,101.25410853365659,6160
2025-06-22 02:30:50,101.26789841201148,2371
2025-06-22 02:30:55,101.26045654695508,8728
2025-06-22 02:31:00,101.26271869361672,5238
2025-06-22 02:31:05,101.28756121635614,3612
2025-06-22 02:31:10,101.30138340862143,3080
2025-06-22 02:31:15,101.29724534682721,6919
2025-06-22 02:31:20,101.28351191191894,5324
2025-06-22 02:31:25,101.25035888969225,8797
2025-06-22 02:31:30,101.23928170342265,3735
2025-06-22 02:31:35,101.2360302884667,7083
2025-06-22 02:31:40,101.22082691278415,8352
2025-06-22 02:31:45,101.21880612751652,4058
2025-06-22 02:31:50,101.21999023542628,6334
2025-06-22 02:31:55,101.21652806880597,2153
2025-06-22 02:32:00,101.20651936686983,5940
2025-06-22 02:32:05,101.20911694428476,4079
2025-06-22 02:32:10,101.21592297164503,1402
2025-06-22 02:32:15,101.19913333608878,3975
2025-06-22 02:32:20,101.2208603200679,8536
2025-06-22 02:32:25,101.21934263400276,6919
2025-06-22 02:32:30,101.21963350498787,7760
2025-06-22 02:32:35,101.23054123495166,1980
2025-06-22 02:32:40,101.2341338178955,7680
2025-06-22 02:32:45,101.24881594846524,3384
2025-06-22 02:32:50,101.25323964005288,9990
2025-06-22 02:32:55,101.2438059514888,2366
2025-06-22 02:33:00,101.24937520212832,3938
2025-06-22 02:33:05,101.23175867393095,2262
2025-06-22 02:33:10,101.23343130165829,8659
2025-06-22 02:33:15,101.23292007462362,7187
2025-06-22 02:33:20,101.22971527489761,9495
2025-06-22 02:33:25,101.2277361953514,3316
2025-06-22 02:33:30,101.19875798994036,8909
2025-06-22 02:33:35,101.19031026527492,1921
2025-06-22 02:33:40,101.19174026536335,8114
2025-06-22 02:33:45,101.19420200322125,7574
2025-06-22 02:33:50,101.17838152588571,9612
2025-06-22 02:33:55,101.19786804170336,6529
2025-06-22 02:34:00,101.18453321512929,4809
2025-06-22 02:34:05,101.1994594396264,2166
2025-06-22 02:34:10,101.20603775383185,9731
2025-06-22 02:34:15,101.19608821514294,7268
2025-06-22 02:34:20,101.22342605714145,6331
2025-06-22 02:34:25,101.20504552428217,6029
2025-06-22 02:34:30,101.21920010452418,2460
2025-06-22 02:34:35,101.23461084189461,5687
2025-06-22 02:34:40,101.22428282371914,6357
2025-06-22 02:34:45,101.24573073900639,5739
2025-06-22 02:34:50,101.24187966980362,1327
2025-06-22 02:34:55,101.24632723457485,6238
2025-06-22 02:35:00,101.2503379334918,9543
2025-06-22 02:35:05,101.24826954819562,6132
2025-06-22 02:35:10,101.26076094686306,5732
2025-06-22 02:35:15,101.2729870232604,4908
2025-06-22 02:35:20,101.2460494721462,6291
2025-06-22 02:35:25,101.26614423410264,9425
2025-06-22 02:35:30,101.24053379040194,4122
2025-06-22 02:35:35,101.25644019995353,5876
2025-06-22 02:35:40,101.27379992902084,3728
2025-06-22 02:35:45,101.25699195236878,8995
2025-06-22 02:35:50,101.2506638294739,2823
2025-06-22 02:35:55,101.2336326909736,4500
2025-06-22 02:36:00,101.23032307278038,5073
2025-06-22 02:36:05,101.2255795171322,2230
2025-06-22 02:36:10,101.2375883526142,5395
2025-06-22 02:36:15,101.2577733852546,7051
2025-06-22 02:36:20,101.2792779911992,2476
2025-06-22 02:36:25,101.27061641545049,3023
2025-06-22 02:36:30,101.26739339697615,3596
2025-06-22 02:36:35,101.24145999413366,8840
2025-06-22 02:36:40,101.2290482038457,8121
2025-06-22 02:36:45,101.24391005183811,3430
2025-06-22 02:36:50,101.26879976350486,8954
2025-06-22 02:36:55,101.24978383427333,7943
2025-06-22 02:37:00,101.24065811861924,1533
2025-06-22 02:37:05,101.24025197016529,2256
2025-06-22 02:37:10,101.24456803027635,2657
2025-06-22 02:37:15,101.23209835638959,2752
2025-06-22 02:37:20,101.23863052984078,7713
2025-06-22 02:37:25,101.23133284686502,3978
2025-06-22 02:37:30,101.23111084113124,5332
2025-06-22 02:37:35,101.2395255499861,4653
2025-06-22 02:37:40,101.23962505879717,4013
2025-06-22 02:37:45,101.232904164217,9892
2025-06-22 02:37:50,101.23121654341303,8652
2025-06-22 02:37:55,101.22985618630057,8100
2025-06-22 02:38:00,101.22415815872056,5866
2025-06-22 02:38:05,101.22017316555048,2764
2025-06-22 02:38:10,101.24479616623255,2122
2025-06-22 02:38:15,101.25343747088554,4830
2025-06-22 02:38:20,101.24888621985076,7700
2025-06-22 02:38:25,101.25962362836287,3958
2025-06-22 02:38:30,101.25448146808134,2540
2025-06-22 02:38:35,101.27255609645499,9714
2025-06-22 02:38:40,101.27825233719587,6467
2025-06-22 02:38:45,101.27659951854179,8053
2025-06-22 02:38:50,101.2834990951005,6670
2025-06-22 02:38:55,101.25929569623696,2738
2025-06-22 02:39:00,101.24193866504694,5189
2025-06-22 02:39:05,101.22355033251478,3533
2025-06-22 02:39:10,101.22575236207354,6269
2025-06-22 02:39:15,101.25243894196875,9690
2025-06-22 02:39:20,101.2868186938219,3418
2025-06-22 02:39:25,101.29665231536849,6076
2025-06-22 02:39:30,101.30437210802417,1484
2025-06-22 02:39:35,101.27661684943546,1664
2025-06-22 02:39:40,101.2682558576291,4454
2025-06-22 02:39:45,101.256119412928,1627
2025-06-22 02:39:50,101.24655590343589,9923
2025-06-22 02:39:55,101.2439664060106,5287
2025-06-22 02:40:00,101.23669527412234,6166
2025-06-22 02:40:05,101.20621394259713,4874
2025-06-22 02:40:10,101.21773153197105,5540
2025-06-22 02:40:15,101.20121345111778,8476
2025-06-22 02:40:20,101.20489785343021,1707
2025-06-22 02:40:25,101.23683986119813,9624
2025-06-22 02:40:30,101.22268043719478,9664
2025-06-22 02:40:35,101.1837207273274,1047
2025-06-22 02:40:40,101.17931848437718,2914
2025-06-22 02:40:45,101.19626859948949,2105
2025-06-22 02:40:50,101.22642541721798,4180
2025-06-22 02:40:55,101.2074913452528,9549
2025-06-22 02:41:00,101.21514050859193,1567
2025-06-22 02:41:05,101.20797584922337,9671
2025-06-22 02:41:10,101.20634502317832,1866
2025-06-22 02:41:15,101.247071545454,2028
2025-06-22 02:41:20,101.22392264537915,2813
2025-06-22 02:41:25,101.22783108248102,4728
2025-06-22 02:41:30,101.23503501870218,6513
2025-06-22 02:41:35,101.25176072317693,4526
2025-06-22 02:41:40,101.25327074741614,5803
2025-06-22 02:41:45,101.25801702310542,7569
2025-06-22 02:41:50,101.25198408361938,2050
2025-06-22 02:41:55,101.25613065467981,9318
2025-06-22 02:42:00,101.2508442855476,7278
2025-06-22 02:42:05,101.26042053074595,2652
2025-06-22 02:42:10,101.25472695561481,9199
2025-06-22 02:42:15,101.26053709675492,5708
2025-06-22 02:42:20,101.26008685206504,6318
2025-06-22 02:42:25,101.27743711527059,6859
2025-06-22 02:42:30,101.27664578518323,7615
2025-06-22 02:42:35,101.24932983997182,9370
2025-06-22 02:42:40,101.26877168187275,7593
2025-06-22 02:42:45,101.25481811093671,4595
2025-06-22 02:42:50,101.24474764616794,5910
2025-06-22 02:42:55,101.23557314208097,4254
2025-06-22 02:43:00,101.25674572707683,5453
2025-06-22 02:43:05,101.2238500517713,3423
2025-06-22 02:43:10,101.27218575574304,9108
2025-06-22 02:43:15,101.28845944895694,5797
2025-06-22 02:43:20,101.29190032764035,7981
2025-06-22 02:43:25,101.29105494195989,8937
2025-06-22 02:43:30,101.29545628139627,7681
2025-06-22 02:43:35,101.30348852316976,5877
2025-06-22 02:43:40,101.31343419893638,5177
2025-06-22 02:43:45,101.3219994279457,4429
2025-06-22 02:43:50,101.32338096826344,1184
2025-06-22 02:43:55,101.32033945852245,4133
2025-06-22 02:44:00,101.31800813370279,5978
2025-06-22 02:44:05,101.31500424483959,9698
2025-06-22 02:44:10,101.33248293648525,7137
2025-06-22 02:44:15,101.34163494635037,2932
2025-06-22 02:44:20,101.29630888198865,7174
2025-06-22 02:44:25,101.3064185465877,6412
2025-06-22 02:44:30,101.30942070097343,2196
2025-06-22 02:44:35,101.30913291580272,6247
2025-06-22 02:44:40,101.30314517459901,5181
2025-06-22 02:44:45,101.32047294771722,2338
2025-06-22 02:44:50,101.33508110451895,7171
2025-06-22 02:44:55,101.32316644055925,3620
2025-06-22 02:45:00,101.32944226966163,7546
2025-06-22 02:45:05,101.31446414147888,9874
2025-06-22 02:45:10,101.29320082854044,6931
2025-06-22 02:45:15,101.28354336694595,2729
2025-06-22 02:45:20,101.29683413629873,1018
2025-06-22 02:45:25,101.31152518175855,6971
2025-06-22 02:45:30,101.31943480506158,1464
2025-06-22 02:45:35,101.3306135489164,9882
2025-06-22 02:45:40,101.33857234883892,6310
2025-06-22 02:45:45,101.32868294379026,9079
2025-06-22 02:45:50,101.33534255555932,5020
2025-06-22 02:45:55,101.3476843525319,1162
2025-06-22 02:46:00,101.35931644627732,1294
2025-06-22 02:46:05,101.377653315437,9770
2025-06-22 02:46:10,101.38857945352161,8240
2025-06-22 02:46:15,101.39400154836362,7844
2025-06-22 02:46:20,101.41051226542793,2585
2025-06-22 02:46:25,101.41010365347658,4380
2025-06-22 02:46:30,101.39649865972015,6427
2025-06-22 02:46:35,101.39398364592849,7812
2025-06-22 02:46:40,101.38249356615148,1194
2025-06-22 02:46:45,101.37208016057899,7343
2025-06-22 02:46:50,101.36985182111565,3931
2025-06-22 02:46:55,101.35763170597065,8041
2025-06-22 02:47:00,101.35288330666285,6699
2025-06-22 02:47:05,101.32368789780554,9637
2025-06-22 02:47:10,101.32697665375102,9271
2025-06-22 02:47:15,101.32699582423649,5840
2025-06-22 02:47:20,101.31440061894742,8636
2025-06-22 02:47:25,101.32456365413314,2860
2025-06-22 02:47:30,101.33901889159962,6561
2025-06-22 02:47:35,101.31423676377553,1930
2025-06-22 02:47:40,101.30248103375787,2934
2025-06-22 02:47:45,101.2906277673283,5367
2025-06-22 02:47:50,101.27614465678252,3171
2025-06-22 02:47:55,101.28892715749251,4294
2025-06-22 02:48:00,101.28594080680479,5747
2025-06-22 02:48:05,101.28186525755949,5392
2025-06-22 02:48:10,101.25099194270048,6238
2025-06-22 02:48:15,101.26078151994787,3834
2025-06-22 02:48:20,101.24169147282073,8116
2025-06-22 02:48:25,101.24261523116894,3928
2025-06-22 02:48:30,101.24688850326064,8425
2025-06-22 02:48:35,101.2678511481435,6750
2025-06-22 02:48:40,101.24768820542754,7494
2025-06-22 02:48:45,101.20118586613029,2672
2025-06-22 02:48:50,101.20401727249067,9190
2025-06-22 02:48:55,101.23174538858096,8444
2025-06-22 02:49:00,101.25082992521695,5350
2025-06-22 02:49:05,101.25406032891541,2287
2025-06-22 02:49:10,101.246487387934,7610
2025-06-22 02:49:15,101.2589217849806,9793
2025-06-22 02:49:20,101.24392497596853,7883
2025-06-22 02:49:25,101.25126353459838,6187
2025-06-22 02:49:30,101.25905113179478,1130
2025-06-22 02:49:35,101.27538670761516,9044
2025-06-22 02:49:40,101.31791860772684,9302
2025-06-22 02:49:45,101.32396847874456,3734
2025-06-22 02:49:50,101.31612321059448,9857
2025-06-22 02:49:55,101.31572957586489,2066
2025-06-22 02:50:00,101.28846406191934,5970
2025-06-22 02:50:05,101.27775930300747,4788
2025-06-22 02:50:10,101.27145348492306,2317
2025-06-22 02:50:15,101.26337925929285,1284
2025-06-22 02:50:20,101.26572716328818,7966
2025-06-22 02:50:25,101.2530574442564,8794
2025-06-22 02:50:30,101.27032916230148,5114
2025-06-22 02:50:35,101.27033293876946,1047
2025-06-22 02:50:40,101.2701902275256,7138
2025-06-22 02:50:45,101.2651388135932,5861
2025-06-22 02:50:50,101.26753045076163,4259
2025-06-22 02:50:55,101.28024442422759,8842
2025-06-22 02:51:00,101.26688402332906,4415
2025-06-22 02:51:05,101.25674534128957,7450
2025-06-22 02:51:10,101.25206691622124,9759
2025-06-22 02:51:15,101.23133646772615,7164
2025-06-22 02:51:20,101.21871974714844,8787
2025-06-22 02:51:25,101.21138682671186,5065
2025-06-22 02:51:30,101.22485287162615,1081
2025-06-22 02:51:35,101.2288972113453,4005
2025-06-22 02:51:40,101.2318794134443,9408
2025-06-22 02:51:45,101.24498632704133,1334
2025-06-22 02:51:50,101.24287086907182,9750
2025-06-22 02:51:55,101.24888620281341,9944
2025-06-22 02:52:00,101.24729671889241,9785
2025-06-22 02:52:05,101.25138510478487,8068
2025-06-22 02:52:10,101.2424087453373,4897
2025-06-22 02:52:15,101.20484987731774,8958
2025-06-22 02:52:20,101.20278287671847,9101
2025-06-22 02:52:25,101.22469261672374,5648
2025-06-22 02:52:30,101.23895870898293,1782
2025-06-22 02:52:35,101.25383042097151,4586
2025-06-22 02:52:40,101.27287573739619,4794
2025-06-22 02:52:45,101.2742423845733,6597
2025-06-22 02:52:50,101.27728333274895,8050
2025-06-22 02:52:55,101.26776706181192,6051
2025-06-22 02:53:00,101.26289790396119,1742
2025-06-22 02:53:05,101.27238591074448,5544
2025-06-22 02:53:10,101.29093777105338,5355
2025-06-22 02:53:15,101.28878938385813,4608
2025-06-22 02:53:20,101.28185252153924,4271
2025-06-22 02:53:25,101.28186124326622,3510
2025-06-22 02:53:30,101.29112657529107,9285
2025-06-22 02:53:35,101.26887842482381,7055
2025-06-22 02:53:40,101.23350662283727,2375
2025-06-22 02:53:45,101.22502809194216,3516
2025-06-22 02:53:50,101.20623035630398,7238
2025-06-22 02:53:55,101.19840688252532,1090
2025-06-22 02:54:00,101.1961321427296,2479
2025-06-22 02:54:05,101.18915452925272,1954
2025-06-22 02:54:10,101.21151896210189,9214
2025-06-22 02:54:15,101.21655116399063,4305
2025-06-22 02:54:20,101.22117904283797,2721
2025-06-22 02:54:25,101.23076226635357,6452
2025-06-22 02:54:30,101.21322432580372,3547
2025-06-22 02:54:35,101.2292275646449,5923
2025-06-22 02:54:40,101.22806127075606,1188
2025-06-22 02:54:45,101.23838869606769,1459
2025-06-22 02:54:50,101.22188088567606,3236
2025-06-22 02:54:55,101.19795576378296,5446
2025-06-22 02:55:00,101.21054999906578,1580
2025-06-22 02:55:05,101.21634696619654,3161
2025-06-22 02:55:10,101.20245729287527,5715
2025-06-22 02:55:15,101.18906815872657,6897
2025-06-22 02:55:20,101.20639677634664,3902
2025-06-22 02:55:25,101.18808437981124,9664
2025-06-22 02:55:30,101.21337753077896,1858
2025-06-22 02:55:35,101.19951029529646,3440
2025-06-22 02:55:40,101.20934068852726,2712
2025-06-22 02:55:45,101.20428116554612,1515
2025-06-22 02:55:50,101.2135699013193,8355
2025-06-22 02:55:55,101.20519193835116,2375
2025-06-22 02:56:00,101.20268588948984,7684
2025-06-22 02:56:05,101.20331653005272,4669
2025-06-22 02:56:10,101.18788701621308,3390
2025-06-22 02:56:15,101.19929341822497,4262
2025-06-22 02:56:20,101.1913923721868,5638
2025-06-22 02:56:25,101.18787354494931,3866
2025-06-22 02:56:30,101.17256703640797,8848
2025-06-22 02:56:35,101.13313352232909,9948
2025-06-22 02:56:40,101.13019482210035,4495
2025-06-22 02:56:45,101.16732385423161,7494
2025-06-22 02:56:50,101.17940188251508,1187
2025-06-22 02:56:55,101.17910597504302,5578
2025-06-22 02:57:00,101.17505972351803,9093
2025-06-22 02:57:05,101.1754061337333,3714
2025-06-22 02:57:10,101.18382906467423,8408
2025-06-22 02:57:15,101.16565310731072,1295
2025-06-22 02:57:20,101.18280663479223,4533
2025-06-22 02:57:25,101.19382073866608,5140
2025-06-22 02:57:30,101.2048792232928,5042
2025-06-22 02:57:35,101.21163160999073,5270
2025-06-22 02:57:40,101.21193427031177,4051
2025-06-22 02:57:45,101.22229671299395,6465
2025-06-22 02:57:50,101.23141193208535,8733
2025-06-22 02:57:55,101.22595977614675,7005
2025-06-22 02:58:00,101.21712668389839,6870
2025-06-22 02:58:05,101.21869583773174,4904
2025-06-22 02:58:10,101.24255404318386,3261
2025-06-22 02:58:15,101.22346976278186,2420
2025-06-22 02:58:20,101.20087201300385,7693
2025-06-22 02:58:25,101.20340948977464,9296
2025-06-22 02:58:30,101.20419362738635,1478
2025-06-22 02:58:35,101.20686331601945,6518
2025-06-22 02:58:40,101.21062039544705,7577
2025-06-22 02:58:45,101.2071840137062,7785
2025-06-22 02:58:50,101.23012838923124,9884
2025-06-22 02:58:55,101.20547537699046,4038
2025-06-22 02:59:00,101.19271963342777,1193
2025-06-22 02:59:05,101.19113052308283,1058
2025-06-22 02:59:10,101.1658361624982,2886
2025-06-22 02:59:15,101.1631300521752,5573
2025-06-22 02:59:20,101.1887063551689,6222
2025-06-22 02:59:25,101.189028496509,3580
2025-06-22 02:59:30,101.19258088188072,5644
2025-06-22 02:59:35,101.17318187971624,8623
2025-06-22 02:59:40,101.16369525303638,1220
2025-06-22 02:59:45,101.15792114338382,1875
2025-06-22 02:59:50,101.15303199315015,2196
2025-06-22 02:59:55,101.17275892772756,3709
2025-06-22 03:00:00,101.18134438534229,3731
2025-06-22 03:00:05,101.16423635427256,1335
2025-06-22 03:00:10,101.16803112576498,9416
2025-06-22 03:00:15,101.1757007435657,8014
2025-06-22 03:00:20,101.19325361335048,2247
2025-06-22 03:00:25,101.21759122953259,9180
2025-06-22 03:00:30,101.2019608091465,4957
2025-06-22 03:00:35,101.1894770771199,8111
2025-06-22 03:00:40,101.17011848902547,5589
2025-06-22 03:00:45,101.16651697778164,2886
2025-06-22 03:00:50,101.17369600389543,1310
2025-06-22 03:00:55,101.18889585780411,2604
2025-06-22 03:01:00,101.18772715373025,6659
2025-06-22 03:01:05,101.18280373532852,4982
2025-06-22 03:01:10,101.18514058222819,9560
2025-06-22 03:01:15,101.172285102434,4546
2025-06-22 03:01:20,101.20445480547005,5841
2025-06-22 03:01:25,101.17970402755647,7174
2025-06-22 03:01:30,101.1825485498639,6351
2025-06-22 03:01:35,101.213706205127,9017
2025-06-22 03:01:40,101.21381150290561,1997
2025-06-22 03:01:45,101.21088568352103,1496
2025-06-22 03:01:50,101.20538220763656,6685
2025-06-22 03:01:55,101.20260517679803,1963
2025-06-22 03:02:00,101.22374638557133,2198
2025-06-22 03:02:05,101.18968847481177,6910
2025-06-22 03:02:10,101.21329982515844,6484
2025-06-22 03:02:15,101.19137510853244,1576
2025-06-22 03:02:20,101.18727045746807,4160
2025-06-22 03:02:25,101.18066297528821,1053
2025-06-22 03:02:30,101.18972424246998,1228
2025-06-22 03:02:35,101.1651238534278,9970
2025-06-22 03:02:40,101.1722383506141,1984
2025-06-22 03:02:45,101.2034036617443,9660
2025-06-22 03:02:50,101.1824168054591,3467
2025-06-22 03:02:55,101.18533784854111,1531
2025-06-22 03:03:00,101.1751478250204,9028
2025-06-22 03:03:05,101.18170443613036,1561
2025-06-22 03:03:10,101.1819997888502,1089
2025-06-22 03:03:15,101.17212558157328,6735
2025-06-22 03:03:20,101.17963619009785,4145
2025-06-22 03:03:25,101.20741670804263,2292
2025-06-22 03:03:30,101.20447775818754,5110
2025-06-22 03:03:35,101.2155616186929,8496
2025-06-22 03:03:40,101.19564846185796,8559
2025-06-22 03:03:45,101.18092441532899,4781
2025-06-22 03:03:50,101.1881975730387,5067
2025-06-22 03:03:55,101.21104914111636,4505
2025-06-22 03:04:00,101.21652588343406,3391
2025-06-22 03:04:05,101.21170561425944,2218
2025-06-22 03:04:10,101.21169528841965,6155
2025-06-22 03:04:15,101.19244284050521,3252
2025-06-22 03:04:20,101.201750935807,4891
2025-06-22 03:04:25,101.21533802979988,1775
2025-06-22 03:04:30,101.20837692452783,6229
2025-06-22 03:04:35,101.20113988881216,9416
2025-06-22 03:04:40,101.20523435434772,8553
2025-06-22 03:04:45,101.19851060265535,1063
2025-06-22 03:04:50,101.1974929585999,2787
2025-06-22 03:04:55,101.22982751265931,8091
2025-06-22 03:05:00,101.22602357205685,6056
2025-06-22 03:05:05,101.22050549401143,9069
2025-06-22 03:05:10,101.21053429148442,4915
2025-06-22 03:05:15,101.22199510930689,1092
2025-06-22 03:05:20,101.21920480223883,2677
2025-06-22 03:05:25,101.20920552962001,6508
2025-06-22 03:05:30,101.22955424791994,6730
2025-06-22 03:05:35,101.2514213332612,4864
2025-06-22 03:05:40,101.24217286871661,5936
2025-06-22 03:05:45,101.2134262770492,2401
2025-06-22 03:05:50,101.22894288876708,2606
2025-06-22 03:05:55,101.21839970206656,1897
2025-06-22 03:06:00,101.2305765667632,5587
2025-06-22 03:06:05,101.20023866927662,4713
2025-06-22 03:06:10,101.21398362192824,4131
2025-06-22 03:06:15,101.19533482627908,2532
2025-06-22 03:06:20,101.20658715943694,7535
2025-06-22 03:06:25,101.20680752337302,8286
2025-06-22 03:06:30,101.19212029606832,2798
2025-06-22 03:06:35,101.1858543890433,9162
2025-06-22 03:06:40,101.19642135607234,2351
2025-06-22 03:06:45,101.19805236357699,8051
2025-06-22 03:06:50,101.20705143520352,7858
2025-06-22 03:06:55,101.23749015062043,1598
2025-06-22 03:07:00,101.2133999124568,3044
2025-06-22 03:07:05,101.23830722646264,1258
2025-06-22 03:07:10,101.23991521104357,5571
2025-06-22 03:07:15,101.22607262654186,9003
2025-06-22 03:07:20,101.20558705019253,7968
2025-06-22 03:07:25,101.20267561337526,7176
2025-06-22 03:07:30,101.21686829874493,8042
2025-06-22 03:07:35,101.214904690948,9579
2025-06-22 03:07:40,101.23817876695564,1797
2025-06-22 03:07:45,101.21582950839516,6713
2025-06-22 03:07:50,101.2156439305762,8311
2025-06-22 03:07:55,101.19636015848592,5020
2025-06-22 03:08:00,101.20195957035183,6911
2025-06-22 03:08:05,101.21561682654549,4954
2025-06-22 03:08:10,101.20913811283273,5312
2025-06-22 03:08:15,101.16904570665385,9980
2025-06-22 03:08:20,101.17210862398814,6639
2025-06-22 03:08:25,101.17883208219865,7179
2025-06-22 03:08:30,101.18505651970354,7779
2025-06-22 03:08:35,101.20408353355265,3056
2025-06-22 03:08:40,101.18759368778584,8102
2025-06-22 03:08:45,101.19806687974986,7644
2025-06-22 03:08:50,101.21642992560227,6785
2025-06-22 03:08:55,101.1890446981866,2447
2025-06-22 03:09:00,101.1939665785018,1514
2025-06-22 03:09:05,101.18620502253106,2913
2025-06-22 03:09:10,101.1849505750703,2951
2025-06-22 03:09:15,101.1903037121489,6570
2025-06-22 03:09:20,101.18280339260818,9965
2025-06-22 03:09:25,101.17240234280196,1328
2025-06-22 03:09:30,101.17292863409297,9985
2025-06-22 03:09:35,101.15619465854208,7513
2025-06-22 03:09:40,101.13948531404115,6973
2025-06-22 03:09:45,101.1499405560621,2410
2025-06-22 03:09:50,101.13226335104385,8714
2025-06-22 03:09:55,101.1425168624928,2137
2025-06-22 03:10:00,101.14963621225503,5666
2025-06-22 03:10:05,101.1230811072336,6157
2025-06-22 03:10:10,101.11265763540199,2568
2025-06-22 03:10:15,101.13102983083319,5472
2025-06-22 03:10:20,101.11593474493249,8566
2025-06-22 03:10:25,101.10879104816799,4274
2025-06-22 03:10:30,101.1158998641703,4273
2025-06-22 03:10:35,101.12795307776071,7243
2025-06-22 03:10:40,101.12408352750758,4469
2025-06-22 03:10:45,101.11489151389958,6932
2025-06-22 03:10:50,101.13677640531377,7564
2025-06-22 03:10:55,101.16353779787731,6362
2025-06-22 03:11:00,101.17860564026856,5636
2025-06-22 03:11:05,101.17991960770189,6346
